2294 3914
208 144 289 208 1444
412 123 603 191 lernen
645 125 947 190 octavos

115 253 118 257 ’
205 239 378 315 Consuletod
392 261 452 300 ettm
466 241 627 311 exercitum,
647 262 725 318 quem
740 242 771 299 ite
791 248 822 298 A
870 238 895 294 ‘a
913 236 1021 305 habui,
1039 242 1078 294 oei

207 333 315 374 nerunt.
356 327 510 394 Magnopere
525 335 551 374 te
570 321 658 375 hortor
677 333 787 396 prototo
817 316 938 391 iugulari
955 327 1078 390 perpetao·

208 414 261 471 qtte
274 393 361 466 studio
384 394 414 451 in
441 394 649 471 rempublicam,
670 413 701 451 ut
724 411 750 452 te
772 395 810 451 ad
832 412 878 450 nos
892 394 1012 464 conseras
1024 412 1033 457 ;
1052 406 1077 448 tlt

209 472 343 527 communi
365 468 464 546 consilio
484 471 622 546 reipublice
643 473 739 557 affliele
758 487 827 548 opem
852 485 933 546 atque
951 468 1076 524 auxilium

201 549 332 616 firamtte.
372 549 453 622 censeo
490 548 542 604 vid
570 548 660 624 Appia
691 550 742 606 iter
762 549 878 620 fhtias,
913 564 948 606 (9¹
974 543 1075 601 celeriter

207 619 237 675 87
245 624 349 681 Brundi
358 644 416 681 tum
430 625 532 681 veniat.

227 803 272 860 M.
288 805 436 866 CICERO
453 809 535 869 IMP.
548 809 576 868 S.
591 809 630 867 D.
644 809 708 868 CN.
726 807 880 866 MAGNO
898 808 1062 868 PROCOS.

174 982 178 1007 ¹
211 965 241 1009 ⁸⁸
252 972 369 1080 CUu
396 975 433 1031 ed
453 989 478 1032 te
492 976 596 1033 litteras
608 973 743 1052 mififfeme
760 994 812 1052 (ΙΝ
828 973 880 1031 ‘lbi
903 973 1017 1052 canali
1030 974 1074 1061 “li

319 1051 377 1107 dite
391 1053 484 1126 stent,
514 1053 665 1128 respicionem
688 1053 791 1110 nullam
813 1051 947 1108 habebam
966 1095 976 1122 ,
996 1069 1020 1108 te
1037 1071 1074 1108 ret·
1104 1064 1107 1069 '

207 1123 312 1199 publice
325 1127 406 1202 causti
418 1149 491 1185 mare
506 1127 682 1203 tronfiturum
697 1151 706 1196 ;
728 1149 849 1205 eramque
862 1128 894 1184 in
904 1131 951 1206 spe
974 1147 1075 1204 magno,

63 1219 126 1267 „eet
137 1219 197 1269 ms:
207 1203 284 1272 fore,
303 1213 357 1260 ²ut
379 1205 505 1261 initalia
523 1205 644 1282 poffemtes
664 1221 713 1262 aut
735 1205 900 1261 concordiam
922 1205 1076 1278 constituere,

214 1299 268 1356 qua
283 1280 351 1336 milti
366 1280 437 1336 nihil
451 1280 544 1338 utilius
559 1281 699 1338 videbatur
717 1324 725 1349 ,
745 1281 1006 1356 aut'rempublicam
1014 1282 1076 1358 fitne
1104 1342 1108 1347 ,

215 1375 261 1412 ma
280 1375 339 1411 tum
354 1357 483 1430 dignitate
499 1359 638 1430 defendere.
676 1358 803 1425 interim,
822 1358 946 1413 nondam
968 1361 1029 1415 meis
1041 1357 1077 1412 lit-

214 1431 276 1491 teris
290 1432 327 1487 ad
340 1448 365 1489 te
377 1433 502 1508 perlatis,
522 1456 553 1491 ex
567 1434 609 1491 bis
624 1435 759 1493 mandatis
776 1475 784 1500 ,
804 1430 834 1485 ⁸9
843 1453 897 1509 que
914 1441 955 1491 D.
973 1433 1077 1491 Lelioad

175 1570 178 1575 .
214 1507 324 1582 consules
339 1510 461 1578 dederas,
478 1512 569 1567 certior
582 1512 623 1568 tut'
643 1509 737 1585 confilii
745 1512 862 1582 fallat,
884 1531 939 1566 non
963 1513 1077 1587 exspelia-

121 1638 125 1649 ,
213 1587 263 1661 tri,
277 1587 347 1645 dum
363 1585 431 1644 milti
446 1589 466 1642 i
480 1603 505 1643 te
519 1586 608 1645 littere
625 1587 812 1645 redderentur.-
831 1587 1017 1666 confestimque
1029 1606 1078 1643 ton

990 1664 1079 1740 Quint
1141 1675 1145 1692 ·

206 1819 307 1928 &antiit
323 1817 597 1883 vehementerprolotttm,
618 1820 661 1867 tiit·
681 1820 799 1866 commende
819 1819 926 1881 majorem
950 1822 975 1866 t'rr
995 1819 1078 1864 medan.

208 1883 238 1932 vi
264 1897 299 1930 or.

239 1955 276 2000 87·
293 1946 431 2004 Brondtssum
442 1949 538 2004 venite]
553 1953 582 1996 ιιι
594 1945 642 1995 fine
653 1960 666 1992 e
683 1945 757 1994 istola
768 1945 819 1994 sunt
831 1945 881 1994 lraee
892 1944 969 1994 verba
981 1979 988 2002 ,
1004 1962 1051 1992 cert
1059 1955 1077 1988 tt
1140 1979 1147 1997 Ι

208 2012 298 2055 valeas:
316 2025 367 2071 qua:
383 2012 409 2058 in
428 2009 564 2058 melioribus
581 2025 637 2057 man
664 2011 742 2072 criptis
766 2025 815 2056 non
840 2011 966 2073 leguntur.
989 2005 1078 2064 ea‚seu
1137 2056 1145 2074 Ι

209 2087 254 2118 nos
265 2088 316 2118 nou
327 2073 469 2129 delevimus,
486 2073 552 2136 quod
563 2074 587 2121 in
600 2073 703 2137 legendo
715 2073 880 2135 preterietint:
896 2069 938 2120 seu
949 2087 1007 2120 tunc
1017 2070 1031 2120 ‘a
1041 2085 1078 2116 no·
1145 2084 1147 2098 ¹

208 2133 244 2181 bis
254 2135 368 2183 damnata
384 2137 468 2184 contri
480 2137 585 2184 nostrum
597 2135 736 2183 mandarum
747 2136 834 2182 librarii
846 2134 1031 2199 descripserunt:
1048 2147 1078 2180 te·

210 2213 264 2246 rum
280 2197 325 2245 fint
337 2214 384 2255 ne,
402 2215 432 2246 an
443 2215 492 2246 non
504 2199 567 2255 lint,
583 2200 648 2261 parvi
659 2200 760 2246 omnino
776 2199 855 2247 refert.
889 2202 963 2248 Idem.

241 2269 277 2310 88.
296 2268 348 2307 cum
357 2264 386 2307 ed
394 2276 414 2307 te
424 2265 508 2308 litteras
519 2265 636 2322 numilem]
655 2267 705 2310 liae
716 2259 816 2323 epistolii
834 2265 923 2310 Cicero
946 2263 1048 2325 primum
1061 2257 1078 2308 se

209 2328 285 2370 Cnaeo
295 2337 390 2386 purgat,
408 2323 513 2380 srsorte,
530 2327 585 2388 quia
597 2325 627 2371 ad
637 2325 696 2372 illud
713 2338 805 2386 tempus
826 2324 856 2372 ad
873 2340 932 2374 eum
950 2341 1003 2373 non
1014 2320 1079 2372 venis-
1140 2363 1147 2382 ,

207 2384 259 2440 set,
276 2385 419 2449 tergiversari
431 2401 470 2434 aut
481 2401 543 2434 certe
552 2387 645 2450 segnior
655 2386 713 2435 visus
723 2384 794 2434 esset:
812 2386 897 2436 deinde
920 2403 951 2436 ex
964 2387 1078 2436 occasione

207 2449 334 2498 hominem
346 2448 495 2506 subaccusat‚
512 2450 577 2512 quod
593 2452 688 2498 ltaliam
705 2447 923 2512 deserat,quidque
935 2453 978 2498 ille
990 2450 1021 2498 de
1035 2461 1080 2513 pate
1143 2441 1147 2459 ¹

209 2513 258 2559 'am
270 2511 326 2560 inde
338 2527 352 2559 a
362 2514 477 2576 principio
489 2511 594 2562 senserit:
612 2512 714 2576 denique
725 2510 792 2559 affert
805 2515 925 2571 rationes,
935 2529 977 2562 cur
988 2513 1080 2576 suscepto

207 2528 292 2631 letto,
314 2591 364 2623 non
386 2575 466 2627 statim
486 2577 511 2623 in
529 2574 621 2623 causttm
637 2574 659 2623 se
676 2573 801 2624 demiserit.
835 2580 865 2623 Et
882 2577 918 2625 est
936 2592 1028 2639 magna
1041 2589 1080 2622 ane
1105 2607 1106 2612 ,

206 2637 352 2701 conscripta3
369 2653 492 2702 propterea
507 2639 573 2702 quod
589 2637 690 2687 caussam
704 2639 768 2686 suam
780 2640 865 2686 Cicero
882 2639 918 2687 ita
936 2655 1038 2689 conatur
1048 2637 1080 2685 de·

207 2701 323 2757 studere,
340 2713 365 2747 ut
383 2704 488 2766 Pompeii
499 2717 548 2748 non
560 2699 674 2751 offendat.
700 2702 777 2749 Primo
789 2716 846 2764 ergo
858 2706 940 2764 capite
954 2703 985 2751 ad
998 2720 1025 2754 ea
1039 2716 1080 2749 ver·

208 2764 239 2812 ba
249 2762 386 2827 respondet,
403 2780 455 2828 quot
466 2765 517 2813 sunt
528 2767 554 2811 in
571 2766 683 2813 extremis
700 2765 804 2827 Pompeii
822 2766 929 2822 litteris,
950 2772 982 2814 Et
997 2770 1080 2815 celeriter

208 2830 348 2885 Beonltfium
359 2833 449 2875 venias:
464 2833 493 2876 In
505 2842 554 2887 quo
569 2827 653 2891 probat
670 2827 820 2889 diligentiam
836 2828 861 2874 in
873 2843 905 2876 eo
922 2829 1011 2888 snam,
1028 2825 1081 2893 quod

216 2893 295 2938 multo
307 2903 386 2947 anto,
408 2891 481 2951 quim
496 2889 525 2938 ab
540 2905 569 2937 eo
589 2891 679 2939 litteras
701 2905 728 2938 ea
747 2890 778 2938 de
797 2907 821 2938 re
842 2890 989 2955 accepisset,
1011 2896 1084 2943 certior
1104 2910 1108 2929 ι

214 2953 291 3003 fastus
302 2952 394 3001 consilii
403 2956 479 3009 illius,
496 2954 521 3000 in
536 2955 600 3001 viam
617 2953 663 3001 sese
679 2969 732 3003 cum
748 2955 820 3003 fratre
830 2967 904 3013 atque
915 2956 998 3005 liberis
1010 2960 1083 3005 utrius·

216 3031 264 3078 que
279 3015 368 3139 dederist
380 3033 386 3064 ε
403 3014 539 3081 caussasque
551 3013 677 3074 affert,cur
687 3016 787 3080 eo,quo
798 3016 970 3076 volebat‚non
981 3035 1084 3085 pervene-

216 3080 254 3126 rit.
288 3084 352 3125 Malo
375 3115 382 3128 .
1111 3089 1112 3092 ’

248 3151 284 3194 89.
302 3093 446 3205 eruiolie
456 3145 485 3190 od
497 3145 708 3203 Consulesdederat.]
737 3147 790 3191 Nos
806 3145 832 3191 δι
847 3142 908 3198 liic,
926 3147 952 3192 &
970 3146 1085 3195 iterumin

212 3206 312 3265 epistola
332 3208 461 3269 Pompeii,
497 3221 548 3268 quae
564 3221 615 3255 non
629 3206 707 3256 multo
725 3206 794 3270 post,
814 3213 847 3255 D.
861 3210 934 3254 ‹AElie
951 3206 1085 3272 scripsimus.

213 3269 292 3314 Vilior.
326 3275 356 3317 D.
374 3273 459 3327 Latio]
480 3272 591 3318 Manutio
605 3271 701 3334 placet,
723 3270 788 3334 quod
806 3271 877 3318 aliis:
896 3285 922 3318 ut
940 3270 986 3319 hic
1003 3277 1029 3324 δι
1046 3272 1084 3334 seq.

211 3329 412 3394 epistolalegatur
423 3339 455 3381 D.
463 3335 543 3389 Leito,
559 3334 600 3394 qui
614 3336 769 3398 Pompeianus
785 3333 837 3383 fuit.
871 3335 1021 3385 Belsationis
1037 3336 1086 3386 liber

212 3393 324 3446 Dieellt'o,
341 3395 399 3441 alius
411 3398 500 3442 Duellio
513 3429 521 3452 ,
535 3395 610 3459 vulgi>
625 3401 701 3447 Dellt'o
717 3398 755 3448 vel
769 3405 802 3449 D.
814 3399 895 3449 ofilio.
912 3398 1049 3449 Lambinus
1063 3414 1086 3448 et

215 3454 340 3506 Plutarcho
351 3457 409 3521 legit
425 3462 515 3515 uellit..
543 3460 618 3522 clerte,

1014 3543 1051 3584 90.
1067 3532 1089 3574 lo
