2294 3914
90 142 286 211 Error.
327 166 400 214 nn
441 130 742 215 Anrrcnfn.
782 136 886 225 1'435·

37 251 85 313 sot.
111 254 187 329 Quae
200 251 270 311 verb
284 251 391 323 senatus
405 252 528 312 consulta
542 251 650 312 video?
670 246 867 324 teutpertus,

37 349 78 399 tm
90 329 298 407 proposueram.
335 329 398 405 Ego
412 330 513 405 Arpini
526 330 595 389 volo
609 326 664 387 elle
684 327 771 403 pridie
790 322 888 381 ditabd
904 330 953 384 kat.
969 398 975 411 ⁹

36 406 93 465 nde
107 406 212 480 circtim
226 405 331 476 villulas
343 405 446 469 nostras
461 421 567 475 errare,
585 423 653 482 quas
673 404 796 462 visurum
819 412 913 457 menm
922 397 951 473 ‘sl
963 414 990 459 ”r

37 484 84 541 lea
105 478 253 560 desperavi
288 481 384 553 εὐγενῆ
406 495 454 552 tua
474 476 612 551 consilia,
639 485 670 540 dc
691 492 788 541 tamen
816 494 869 565 pro
877 461 949 509 ²4⁸⁶·

37 559 163 635 nporibus
178 577 238 618 non
250 560 380 628 incauta,
398 559 470 619 mihi
483 560 563 620 ualde
578 560 737 635 probantur.
757 553 869 629 Leprdo
989 610 992 617 .

37 636 108 703 adem
137 640 218 709 (nam
239 635 298 695 ferd
319 636 557 703 cunitafflrtsnnrn·
591 637 669 712 quod
688 632 869 712 gratissimum
880 639 903 687 l’·
911 636 1022 702 cxxiv,

45 713 93 785 est)
108 714 263 791 numquam
277 713 380 789 placuit
393 711 467 786 ⁶.⁸ett
482 713 559 776 ltalia
573 715 648 771 exire
665 754 674 782 ‚
694 711 782 770 Tullo
799 708 874 767 mul-

47 790 149 848 minus.
189 788 286 861 crebro
309 792 385 850 enim
405 788 477 848 illius
503 790 601 849 littetae
624 790 658 847 ab
687 788 744 846 aliis
765 785 800 844 ad
819 803 872 844 nos
960 853 967 864 ι

37 878 171 927 mmeant.
208 866 255 926 sed
268 877 338 933 eme
362 867 475 925 illorum
496 866 640 931 sententiae
661 866 753 935 minus
773 866 894 922 move·e
910 851 1023 913 menoses,

37 954 71 1001 nt.
80 960 93 995 -·
110 942 202 1007 ninus
213 938 302 1003 multa
316 943 448 1003 dederant
462 942 497 1003 illi
511 938 670 1019 reipublicae
685 942 810 1016 pignora.
824 914 999 998 tuas‘m·²‘¹⁸·

37 1019 158 1083 :hercule
178 1020 325 1085 audiuntne
343 1021 528 1079 uehementer
550 1031 659 1080 movet.
696 1017 777 1077 offert
796 1017 873 1075 enim

40 1096 139 1174 reliqui
153 1090 287 1173 temporis
308 1095 488 1174 recuperandi
507 1098 644 1156 rationem
661 1138 670 1166 ,
690 1097 721 1154 ὅ(
736 1093 874 1170 praesentis

37 1172 108 1233 :ndi'
141 1172 204 1244 sed,
224 1172 339 1237 obsecro
351 1187 399 1244 τε,
417 1170 555 1252 quidhoc
571 1174 714 1242 miserius,
734 1168 821 1248 qudm
836 1168 875 1227 al-

37 1266 89 1307 um
105 1248 210 1324 plausus
223 1251 251 1309 in
266 1247 435 1310 ffoediffima·
444 1249 521 1310 causa
536 1268 678 1326 quaerere,
697 1249 818 1307 alterum·
830 1246 875 1304 of·
883 1263 898 1314 f
907 1262 1014 1319 fideliffi2

37 1325 139 1384 rsrones
152 1327 182 1385 in
197 1326 324 1402 optima?
342 1328 457 1387 alterum
482 1327 629 1385 existimari
649 1325 875 1385 conservatorem
886 1333 987 1381 maras.
1028 1372 1031 1377 ,

37 1404 205 1474 micorum,
223 1403 341 1473 atterum
362 1404 530 1469 desertorem
560 1400 744 1467 amicorum?
764 1403 795 1459 δε
817 1418 879 1457 me·

39 1478 114 1537 rcule
126 1480 254 1555 quamvis
268 1498 395 1543 amemus
411 1481 533 1539 Cnaeum
546 1480 669 1538 nostrum
685 1503 695 1548 t
722 1490 754 1537 ut
768 1480 798 1536 &
812 1477 881 1535 saci-
979 1528 983 1537 .

37 1573 83 1625 us,
104 1558 133 1614 bc
147 1556 280 1617 debemus
286 1580 296 1625 ;
317 1570 413 1617 tamen
427 1558 509 1629 hoc,
528 1555 606 1632 quod
626 1557 723 1615 talibus
742 1556 806 1613 vitis
821 1572 881 1612 non

37 1633 128 1691 ovenit
143 1675 151 1701 ‚
169 1632 280 1693 laudare
293 1652 354 1695 non
368 1630 487 1709 possum.
505 1632 660 1703 nam‚s1ve
680 1633 792 1701 timuit,
812 1630 881 1707 quid

37 1708 155 1769 navius?
181 1708 262 1779 five,
288 1723 319 1769 ut
365 1710 459 1768 uidam
480 1720 603 1785 putant,
630 1710 777 1772 meliorem
804 1707 881 1775 suain
952 1714 955 1719 '

37 1784 113 1844 usam
128 1785 239 1845 illorum
253 1784 331 1846 caede
345 1729 408 1847 pore
422 1786 528 1864 putavit
540 1811 549 1854 ;
570 1787 638 1865 quid
652 1787 774 1861 injustius
791 1782 805 1842 ἒ-
825 1782 881 1851 Sed
930 1824 934 1834 .

37 1878 68 1919 ec
81 1862 252 1922 omittamus.
289 1880 423 1940 augemus
436 1864 512 1923 enim
526 1863 654 1925 dolorem
676 1860 905 1942 tretradando.g
919 1888 991 1925 fem.

38 1938 113 2004 ‚kal
127 1938 233 2024 vesperi
252 1939 350 2019 Balbus
374 1941 467 2003 minor
487 1938 524 1999 ad
544 1958 592 2004 me
613 1941 690 2005 venit
706 1981 715 2009 ‚
732 1934 981 2072 ⁶⁹occultidfit3415nglo

40 2175 80 2218 ot.
97 2172 134 2217 Ea
146 2172 282 2219 Italiamne
291 2171 425 2227 ullomodo,
441 2170 500 2231 dnn]
514 2174 593 2220 Locus
603 2180 653 2219 erat
664 2166 888 2232 valdedepravatnt.

37 2248 65 2280 os
76 2247 106 2281 ex
122 2232 285 2298 manuscriptis
295 2232 401 2283 nosiram
415 2234 547 2283 lectionem
562 2231 616 2288 satis
633 2234 730 2297 planam
748 2234 774 2283 δι
790 2247 891 2289 veram,

47 2294 162 2353 arbitror‚'
175 2297 325 2408 colleffiimus.
359 2302 412 2347 Hoc
423 2296 474 2362 ipso
491 2298 614 2346 volumine
628 2297 674 2345 hos
691 2297 775 2345 iterum
789 2296 890 2355 coniun-

37 2371 62 2406 ετ
79 2360 177 2423 parique
194 2374 240 2408 con
259 2362 296 2417 lio
309 2362 344 2410 uti
360 2361 423 2409 velle
438 2359 540 2409 ostendit
557 2395 565 2418 ,
591 2365 629 2419 De
651 2359 744 2423 Lepido
765 2360 790 2408 dc
806 2359 890 2408 Tullio

37 2421 69 2470 rid
80 2422 163 2485 quaeris
175 2426 184 2472 Ξ
200 2424 236 2471 illi
246 2422 305 2472 verb
316 2438 366 2472 non
376 2422 484 2471 dubitant
496 2425 555 2488 quin
566 2423 652 2472 cesari
662 2423 745 2485 praesto
762 2421 848 2479 bituri,
863 2422 891 2481 in

37 2498 168 2551 natumque
181 2489 273 2537 venturi
290 2484 344 2536 stnt.
378 2492 434 2536 Erat
451 2499 532 2536 autom
544 2485 583 2535 hic
599 2491 636 2535 M.
653 2486 747 2535 Tullius
768 2485 892 2534 Ciceronis

37 2546 86 2597 istri
96 2546 247 2606 necessarius,
264 2547 378 2615 quemad
390 2549 496 2598 Atticum
506 2565 557 2598 nort
574 2548 652 2597 multb
670 2548 723 2611 post
739 2546 795 2596 dicit
807 2546 830 2597 se
845 2548 894 2597 mi·

37 2608 72 2659 lle.
92 2614 168 2658 Vitior.
201 2615 286 2673 Tullo.]
300 2618 328 2661 ln
340 2611 401 2663 libro
412 2608 570 2667 bessarionis,
584 2613 655 2659 vilo.-
669 2626 731 2673 Inoa,
748 2612 825 2666 Tullo,
841 2624 893 2659 non

38 2674 173 2723 tbituvimus
190 2678 248 2739 quin
263 2672 391 2741 legendum
407 2671 484 2734 esset,
500 2690 555 2724 cum
570 2672 609 2723 hic
631 2675 717 2723 Cicero
732 2671 848 2738 significet
863 2676 892 2729 L,

37 2738 152 2788 olearium
162 2740 279 2797 Tullum,
295 2740 336 2803 qui
346 2736 427 2788 consul
438 2738 484 2788 suit
494 2754 549 2788 cum
561 2739 606 2787 Μ’.
620 2738 717 2787 AEmilio
733 2734 825 2800 Lepido
838 2751 844 2782 :
862 2734 893 2784 de

37 2816 66 2849 ro
85 2802 159 2851 eriam
181 2801 280 2864 epistola
299 2803 367 2862 hujus
388 2801 442 2852 libri
464 2804 566 2867 prima,
594 2810 638 2849 Nec
653 2818 707 2858 me,
727 2801 827 2865 inquit,
844 2800 891 2849 Μ’.

37 2864 118 2974 milii,
154 2868 181 2914 L.
203 2867 295 2913 Vastatis
314 2869 416 2914 comitum
438 2870 557 2931 prenderet.
585 2867 612 2917 δι
636 2862 702 2931 epist.
722 2879 757 2925 14.
784 2861 837 2911 libri
855 2876 892 2914 11.

38 2964 46 2978 .
89 2940 150 2976 anus.
903 2936 905 2941 '

52 2999 89 3046 69.
108 2991 232 3038 occultavit
246 3008 352 3039 ormnem
366 2994 396 3040 ad
411 2992 528 3040 Lentulum
545 2994 608 3051 dnm]
637 2995 695 3040 Haec
715 2987 785 3039 verba
803 2986 895 3053 aliquid

37 3056 120 3102 mnino
131 3052 212 3103 mendi
223 3054 393 3105 continebant:
410 3054 489 3105 nescio
499 3069 529 3104 an
541 3054 604 3104 testo
614 3052 639 3102 id
651 3052 787 3103 sustulerim.
812 3058 894 3101 Parum

37 3116 57 3165 i'c
68 3117 160 3176 adiutus
178 3118 193 3167 l
212 3116 375 3184 manuscriptis
385 3117 521 3176 codicibus,
538 3118 598 3166 nihil
610 3115 686 3166 habeo
695 3117 761 3179 quod
768 3114 894 3167 affirmem.

37 3184 121 3228 {uirens
131 3194 211 3231 nutem
225 3181 349 3247 intelligo,
364 3197 453 3248 magna
464 3181 634 3231 celeritateirer
644 3180 779 3236 saciens‚ut
790 3176 893 3230 libxru.

37 3244 118 3290 'sardam
132 3245 240 3308 epistolam
254 3258 316 3292 tuam
336 3248 427 3308 legeram
442 3279 450 3303 ‚
482 3262 529 3291 cum
550 3247 579 3291 ad
598 3263 632 3293 me
647 3278 654 3301 ,
685 3259 769 3290 currens
785 3244 813 3289 ad
827 3244 895 3291 issum

37 3305 146 3367 *astamus
162 3313 248 3356 inertius
261 3312 330 3359 venir.
363 3312 415 3357 Nec
431 3307 510 3357 multo
525 3305 597 3372 post,
612 3308 682 3356 initio
698 3305 784 3357 scilicet
795 3303 895 3368 sequen·

37 3385 51 3418 ,s
62 3368 185 3433 epistolar,
201 3372 305 3422 Domitii
319 3370 382 3420 silius
398 3368 491 3439 transiit
498 3372 610 3423 ,Formias
625 3384 688 3419 vrri.
710 3370 745 3421 Id.
758 3384 850 3417 currens
862 3364 893 3417 ad

37 3446 122 3482 mtrem
143 3437 279 3499 Neapolim.
352 3432 400 3484 uod
420 3433 439 3483 fi
462 3437 571 3482 occultavi
585 3449 625 3491 re,
650 3433 734 3497 legas:
761 3431 895 3481 existimato

37 3492 141 3551 ossumut
150 3496 219 3570 illum
228 3499 285 3569 autb
299 3498 330 3571 de
364 3512 393 3551 ae
404 3512 430 3553 re
439 3498 548 3555 atticum
558 3498 683 3551 certiorem
698 3496 777 3549 facere
786 3490 898 3607 mmiffi‘
