2294 3914
168 172 364 241 Entsri.
407 192 479 239 nn
521 177 824 244 Anticum.
862 176 944 262 1285

50 290 132 343 lime
145 284 236 362 ipsum
250 284 397 345 deleciavit
416 285 446 343 in
467 284 521 343 tuis
541 284 648 363 litteris)
666 289 720 348 ain'
735 285 788 347 tu?
807 287 941 422 4²Scip¹iiq
950 294 1094 411 mpsim

61 472 128 527 sellie
139 477 225 529 cicero
234 478 272 529 hia
283 477 371 537 verbis:
388 494 441 528 cum
453 479 540 530 habeat
551 494 580 529 ec
596 479 673 531 statua
690 480 825 594 inscriptum
837 513 845 537 ,
862 494 943 528 cnu-

65 546 150 599 eoit,
184 542 209 591 ul
225 540 301 607 potest
316 540 347 591 de
363 544 489 607 Serapione
503 544 626 609 intelligi,
647 540 700 609 qui'
710 560 752 595 cen
764 561 791 595 or
809 558 943 608 numquam
1003 588 1006 593 .

62 600 125 652 finiti
139 557 229 654 anquoc
241 608 317 671 scipio
328 606 366 678 liic
376 607 489 654 Metellus
504 608 612 673 ignorat,
628 623 744 673 proavum
755 606 821 657 suum
831 609 941 671 Serapio·

62 680 124 715 uem
136 667 256 717 censorem
268 684 318 717 non
329 666 410 718 fuiffet
426 667 465 717 Est
477 684 557 719 aurem
569 672 663 733 Serapio
675 705 682 729 ,
698 669 784 721 Nafica
795 671 836 720 ille
846 671 938 733 Scipio,

84 730 107 777 ui
132 734 170 781 Ti.
193 732 328 782 Gracchum
370 731 462 782 cutifex
488 735 587 784 maxim.
614 734 739 785 interfecit.
773 739 801 781 P.
814 736 941 783 Manutius.

62 793 368 921 ἀῖοὲἶτῖἴίηῇῗιέῗτιινὲῧ
383 814 445 905 qqqap
447 815 485 905 ‘sas
486 814 609 917 {1⁹ququ
606 797 852 924 dsdnpdaiudldludsdvud'g‘i
865 797 942 917 iffi„

62 920 183 983 punitio,
199 923 225 967 dt
235 922 310 981 statua
320 923 451 981 Africani,
467 921 484 969 d
500 923 651 982 πραγμάτων
662 926 818 985 coapiantur
829 956 837 979 ,
849 923 889 982 sed
908 937 942 969 me

66 984 140 1045 ipsum
151 986 267 1032 delectauit
277 989 301 1031 in
310 988 354 1032 tuis
364 986 452 1035 lituris.
469 989 523 1033 ⁹{i'n
534 992 576 1032 tu?
592 985 678 1035 cleric.

98 1064 138 1104 42.
156 1050 227 1111 Scipio
236 1050 272 1094 hic
281 1049 397 1104 Metellus,
410 1050 468 1106 aaa]
481 1051 559 1096 Locus
570 1047 640 1109 valde
651 1045 777 1104 obscurus,
798 1049 824 1097 δι
839 1046 871 1097 de
886 1062 937 1112 quo

63 1110 177 1159 constitui
187 1110 246 1159 nihil
258 1109 343 1175 poffit,
357 1110 423 1174 quod
435 1125 484 1159 uou
500 1109 588 1161 incidat
606 1112 632 1159 in
642 1111 749 1175 aliquam
766 1109 942 1165 difficultatem.

64 1174 123 1223 Nos
137 1174 198 1221 attin
215 1188 253 1222 ere
268 1174 338 1223 illum
353 1172 400 1236 ausi
415 1170 513 1228 sumus,
533 1172 601 1239 quod
615 1176 640 1222 in
654 1173 748 1222 vetustis
764 1173 828 1222 libris
846 1174 943 1239 velligia

64 1235 176 1299 quadam
191 1189 407 1307 deprehendimus,
424 1250 475 1301 quae
491 1228 611 1303 adipsum
627 1252 671 1285 nos
684 1271 691 1293 ,
708 1252 759 1285 non
775 1234 848 1284 ausim
864 1238 942 1285 dicere

64 1300 205 1358 veritatem,
221 1299 260 1349 led
271 1312 334 1349 certe
348 1301 433 1356 viam,
453 1313 499 1363 qua
515 1297 546 1359 co
565 1302 732 1363 perveniatur,
748 1298 872 1349 deducant.
905 1305 941 1347 Ea

64 1374 124 1412 vero
133 1360 184 1411 sunt
195 1366 220 1412 in
231 1362 291 1412 libro
302 1364 389 1413 Fa'e'rni
398 1360 552 1427 hujusmodi:
569 1362 635 1425 quod
649 1364 688 1413 ubi
711 1364 782 1428 paulo
804 1362 856 1431 post
880 1362 940 1426 legi·

65 1436 118 1475 ωε
136 1426 397 1489 Inissaautemquaeeſs.
425 1430 450 1489 iu
462 1440 492 1474 eo
503 1422 674 1489 scriptumest,
695 1428 836 1474 Inillat'iem
862 1424 939 1484 uuest.
1008 1421 1018 1441 '

13 1536 17 1549 ,
66 1502 120 1552 quae
135 1489 227 1545 lestio,
243 1502 324 1554 prater
338 1489 479 1546 historiam,
494 1500 585 1551 magno
600 1488 659 1537 mihi
676 1501 816 1555 argumento
870 1523 878 1544 ,
893 1487 940 1545 ibi,

67 1558 149 1616 astque
162 1556 219 1600 nihil
232 1557 306 1601 habuit
318 1542 439 1617 'scriptum
460 1552 501 1610 m'fi
518 1551 610 1612 sensit:
633 1555 724 1611 (ansul,
742 1552 788 1611 elie
803 1543 940 1617 le⁸gendum.

65 1618 146 1664 Locos
157 1630 237 1665 autem
247 1629 394 1681 opportunus
403 1617 475 1666 errori
486 1614 530 1663 fuit
537 1626 644 1679 ,propter
654 1613 832 1666 similitudinem
844 1614 941 1681 scriptu·

65 1694 112 1736 125
130 1693 176 1744 qua
185 1679 278 1790 decepsti
288 1678 374 1729 librarii
383 1680 444 1729 libro
460 1679 518 1727 item
530 1692 581 1727 xvi.
598 1692 635 1741 ep.
651 1694 687 1727 12.
720 1682 841 1741 Consulum
853 1692 939 1728 contra

64 1745 240 1805 prqansom'bus
260 1754 367 1798 ecemnt3
382 1756 408 1791 ut
417 1741 507 1792 ibidem
517 1754 531 1788 a
541 1744 650 1790 Corrado
661 1740 771 1805 probatur
786 1758 817 1791 ex
833 1741 937 1792 historia.

64 1810 147 1866 Quam
161 1821 233 1868 porro
242 1807 293 1854 vim
303 1803 387 1854 habeat
398 1812 466 1862 Item,
481 1804 603 1867 neminem
619 1816 677 1868 puto
693 1806 773 1856 latere.
807 1805 939 1855 Censorem

65 1884 119 1919 non
138 1865 222 1925 suifl'e,
249 1870 358 1933 congruit
378 1882 433 1918 cum
452 1869 555 1918 historia.
589 1867 690 1916 Constat
707 1870 772 1917 enim
787 1883 817 1917 ex
839 1870 939 1927 Dione,

62 1930 202 1996 Scipionem
211 1931 274 1979 hunc
284 1928 426 1989 Metellum,
442 1934 483 1993 qui
494 1938 545 1994 aQ.
556 1931 654 1981 Caecilio
668 1932 770 1980 Metello
785 1934 826 1981 Pio
838 1931 939 1996 adopta-

64 2006 106 2043 tus
119 1993 170 2049 est,
186 1994 301 2057 scipionia
315 1990 405 2041 urfica
421 1993 488 2043 fuiffe
502 1995 634 2043 naturalem
649 1993 744 2043 filium:
768 1997 801 2043 ita
818 2006 843 2041 ut
865 2009 936 2045 avum

64 2054 173 2106 ltabuetit
184 2090 192 2112 ,
208 2055 342 2120 scipionem
351 2052 463 2113 Nasicam
473 2072 541 2114 eum,
556 2059 598 2121 qui
608 2055 702 2119 Consul
712 2058 757 2106 suit
767 2072 822 2105 cum
835 2060 865 2104 D.
878 2058 939 2107 Cal-

64 2121 152 2185 purnio
163 2117 250 2174 Bestia,
268 2116 547 2169 AnnoU.C'.ncxn11'.
564 2134 694 2183 proavum,
710 2122 881 2185 13.Sqipionem
897 2125 939 2169 se·

64 2184 205 2247 rapionem:
222 2182 264 2247 qui
274 2179 366 2230 Consul
377 2182 474 2245 quidem
484 2182 543 2237 fuit,
559 2182 649 2233 Censctr
661 2199 711 2233 non
727 2184 771 2237 fuit
783 2200 790 2233 a
813 2181 878 2246 quod
889 2185 939 2232 Sci·

64 2248 165 2311 pionem
178 2246 306 2294 Metellum
316 2243 446 2318 ignorasse,
462 2248 491 2313 &¹
502 2245 652 2307 vehementer
662 2250 760 2297 miratur
771 2247 856 2295 Cicero
869 2246 894 2294 δι
907 2248 940 2296 ir-

66 2308 136 2359 ridet.
168 2314 180 2359 1
199 2304 292 2358 notasse
307 2321 388 2357 antem
409 2308 432 2358 se
452 2308 579 2367 declaravit
596 2310 692 2373 Scipio,
718 2325 770 2360 tum
786 2324 815 2358 ex
832 2306 940 2358 sermone

63 2372 140 2437 que'm
150 2324 231 2421 induit
240 2386 296 2421 ctam
305 2373 401 2439 Attiqo,
414 2374 441 2421 in
450 2386 500 2435 quo
510 2369 590 2419 fortio
602 2374 744 2431 Ciceronem
754 2376 815 2439 apud
835 2387 889 2420 eum
903 2388 942 2421 re·

64 2436 240 2503 prehendebat‚
254 2432 320 2501 quali
339 2436 365 2483 in
379 2432 424 2483 suia
438 2435 503 2484 libris
520 2429 624 2544 nepallet
640 2435 770 2496 censorem
783 2433 869 2485 foisse:
886 2448 939 2485 tum

63 2516 97 2549 ex
107 2499 194 2549 duabus
203 2498 275 2565 ipsius
283 2498 416 2563 serapionis
426 2497 518 2552 statuis,
535 2511 549 2544 a
560 2509 609 2545 tera
619 2496 649 2544 ad
661 2499 733 2561 opis,
748 2501 821 2549 altera
837 2498 867 2547 ad
884 2500 940 2547 Pol·

57 2561 224 2629 'lttciuposita,
241 2562 288 2611 hoc
302 2561 435 2626 intelligere
450 2561 567 2635 potuerit:
584 2560 609 2607 in
620 2574 719 2623 quarum
735 2575 817 2610 neutra
834 2562 939 2619 Censor,

63 2625 91 2675 in
102 2640 200 2691 curaque
210 2625 299 2676 Consul
311 2623 407 2673 tautum
416 2624 526 2689 scriptum
539 2624 644 2697 legatum
661 2637 716 2670 cum
732 2627 812 2672 omitti
828 2624 898 2673 decus
908 2625 941 2674 il·

62 2690 107 2739 lud
118 2704 161 2738 uec
171 2688 274 2738 debuerit
284 2702 329 2737 nee
339 2686 430 2738 soleret.
453 2700 505 2749 turn
520 2686 623 2750 demque
639 2684 706 2748 quod
721 2686 827 2735 Africani
837 2687 938 2738 statuam

62 2752 205 2803 ausonam
220 2753 246 2799 in
264 2756 317 2801 Sera
333 2752 396 2801 ionis
415 2747 567 2816 inscriptione
583 2746 698 2814 posuerit,
715 2747 769 2797 aeli
781 2746 935 2814 ipseqnoque

63 2818 161 2880 serapio
172 2766 365 2867 censorfuidett
381 2813 488 2878 nihilque
498 2813 613 2869 referret,
629 2825 708 2860 utrum
725 2812 832 2860 Africani
852 2815 935 2878 imago

21 2932 24 2937 ,
64 2880 198 2944 Serapionis
209 2878 353 2941 inscriptioul
363 2880 541 2943 imponeretur,
557 2890 588 2924 an
604 2876 672 2933 hujus
687 2877 712 2924 in
729 2873 843 2923 Africani.
876 2882 935 2938 Quae

61 2940 155 2993 institia
167 2942 278 2992 Ciceroni
288 2956 318 2993 eo
327 2942 416 3006 turpior
426 2939 473 2990 visa
482 2940 515 2989 cst
527 2974 535 2996 ,
549 2938 616 3004 quod
629 2937 815 2988 animadvertere
826 2940 943 3003 potuerit,¹

82 3004 117 3055 ost
129 3005 219 3056 Nasicae
234 3002 400 3061 consulatum,
416 3020 467 3053 non
483 3003 559 3053 modo
574 3001 688 3053 Nasicam
709 3000 784 3113 ipsunt
805 2999 937 3062 Censorem

62 3020 156 3119 sadum
173 3085 223 3118 non
238 3064 325 3123 fauisse,
341 3065 380 3115 sed
395 3081 426 3114 ne
438 3067 578 3116 cornelium
594 3066 691 3130 quidem
707 3066 826 3128 aiquem,
842 3063 888 3127 illo
899 3066 937 3113 vi·

64 3145 144 3182 vente.
177 3140 258 3196 Atque
279 3132 329 3180 hec
346 3131 372 3180 δι
387 3128 496 3193 scriptura
517 3132 542 3179 ἃ
562 3130 680 3195 expositio
711 3128 813 3193 historia¹
836 3124 937 3176 consen·

61 3209 135 3245 tanea
144 3195 191 3254 esi,
206 3210 279 3258 aqua
290 3194 400 3245 recedunt
409 3194 458 3249 illi,
475 3194 516 3257 qui
525 3191 563 3242 vel
575 3194 713 3243 Africanum
724 3206 838 3256 proavum
846 3190 936 3239 Metel-

61 3256 167 3309 lt'fiaisse
181 3260 297 3315 credunt,
323 3259 361 3307 vel
380 3257 531 3320 Serapionem
548 3270 677 3319 putantes,
693 3270 777 3319 contra
794 3250 934 3303 historiali·

62 3322 140 3378 dem,
158 3324 260 3383 Censorem
272 3321 339 3383 ἰωγῇ
347 3320 490 3371 emendant:
508 3321 534 3367 &
547 3321 597 3368 vim
608 3320 711 3369 orationi
722 3334 773 3372 non
785 3314 866 3367 affertz
882 3333 936 3382 quae

63 3384 114 3435 fine
125 3386 196 3433 dubio
213 3382 353 3442 adhibetur,
369 3382 470 3432 fivetba
485 3382 545 3438 illa,
562 3387 642 3447 ,Atqui
654 3385 711 3428 nihii
728 3383 792 3428 aliud
808 3383 884 3428 habuit
899 3385 936 3427 in-

54 3451 182 3513 scriptum,
203 3449 247 3501 tic.
269 3447 330 3497 ¹alii>
349 3448 552 3503 detorqueantur,
572 3460 646 3509 quam
663 3445 694 3493 ad
710 3459 825 3509 proavum
840 3444 944 3507 Metelli·
996 3474 1000 3485 ·

59 3513 197 3581 scipionis,
211 3525 262 3577 quac
276 3509 310 3564 de
324 3510 392 3577 loqui
404 3520 514 3624 cocptqqa
528 3506 579 3565 est,
593 3522 667 3573 quem
687 3509 839 3572 serapionem
853 3502 937 3619 pisse,

507 3588 560 3620 nnn
576 3586 588 3629 3
838 3582 939 3634 panum
