2294 3914
253 156 337 221 1166
416 132 949 239 LineaQunnrus

249 267 315 338 sed,
334 278 367 327 ut
380 267 526 343 conjicio,
546 268 718 357 ”quoniam
732 263 802 326 mihi
815 285 874 327 non
888 268 989 329 videris
1002 270 1114 353 inEpitn
1145 261 1147 323 ἶ

131 345 176 397 atta·
189 345 227 395 de·
251 344 301 404 diu
322 340 425 414 stifft,
445 342 561 403 redditas
581 344 631 403 nbi
653 354 733 403 enon
761 344 882 405 arbitror.
919 362 1009 421 genus
1031 366 1114 415 autem

153 424 214 485 ¹¹9⁰·
249 438 395 491 mearum,
415 419 450 479 ad
462 432 493 479 te
505 420 660 497 tquidem,
677 421 829 479 litterarum
842 418 1064 497 ejusmodtir'ere
1077 430 1115 503 eil,

98 472 243 598 affl
250 510 283 559 ut
295 514 365 585 non·
374 496 457 557 libeat
476 496 608 583 cuiquam
638 497 703 556 dare
719 539 728 567 ,
747 495 797 556 nist
819 496 854 555 de
875 518 934 578 quo
948 498 1114 574 exploratum

99 602 162 652 ,app
248 574 447 646 lit,t1bteum
468 572 649 633 redditurum.
687 574 772 632 Nunc
793 575 935 635 Romanas
954 594 999 635 res
1019 584 1114 659 accipe

100 660 190 715 irunt
248 654 287 711 A.
306 649 333 709 d.
353 666 402 709 111.
422 666 492 709 non.
529 650 629 725 Quint.
655 658 683 704 55
691 650 805 709 Sufenas
831 655 862 712 δι
890 654 964 712 Cato
991 655 1113 723 absoluti:

98 728 174 779 MSS·
249 726 418 787 5⁶l’rocilius
447 725 659 787 condemnatus.
703 744 739 785 ex
770 744 831 803 quo
862 728 1038 793 intelledlum
1064 736 1112 809 eli,

249 804 539 875 57eptrapettatayieat
559 804 720 874 ambitum,
747 803 886 875 comitia,
911 807 1112 885 interregnum,

249 878 446 956 majestatem,
464 893 556 942 totam
581 881 702 958 denique
727 880 926 955 rempublicam
952 883 1037 947 flocci
1061 906 1113 951 uon

130 978 157 1026 ι»,
178 978 206 1027 u.
247 956 348 1016 iacere.
374 956 529 1019 ¹¹debemus
549 970 657 1037 patrem
677 957 792 1017 familias
815 957 893 1019 domi
913 960 971 1021 suae
991 964 1114 1029 occidere

99 1034 201 1148 mua
247 1032 323 1093 nolle
337 1059 347 1104 ;
368 1052 460 1113 neque
472 1049 569 1095 tamen
582 1035 610 1094 id
623 1033 712 1111 ipsum
724 1031 841 1095 abunde.
866 1053 933 1096 nam
947 1036 1115 1103 absolverunt

141 1103 229 1151 ,aalma
247 1128 321 1171 xxm.
340 1112 563 1173 condemnarunt
577 1130 669 1171 xrrrx.
687 1111 797 1170 Publius
809 1111 871 1171 sane
889 1112 990 1173 diserto
1004 1116 1112 1197 epilogo

99 1162 222 1275 fflm·
248 1188 412 1259 criminans,
432 1188 678 1266 mentesjudicum
692 1200 829 1249 moverat.
866 1189 1014 1251 'Hortalus
1034 1194 1064 1253 in
1082 1212 1111 1257 ea

99 1290 206 1346 omn,
246 1264 323 1324 causa
337 1268 407 1336 fuit,
426 1266 582 1343 cujusmodi
594 1265 671 1324 solet.
696 1282 748 1322 nos
768 1265 885 1325 uerbum
898 1266 1018 1329 nullum.
1033 1268 1112 1331 silve.

243 1342 295 1402 rita
309 1342 347 1404 cst
361 1344 437 1403 enim
450 1342 569 1420 pusrlla,
593 1360 659 1420 quae
679 1358 756 1402 nunc
774 1340 902 1414 laborat,
921 1362 959 1404 ne
980 1348 1110 1487 animipin

1086 1444 1113 1487 ¹¹·
1124 1477 1135 1501 0

277 1628 315 1673 54.
330 1609 443 1672 Quoniam
457 1609 514 1658 mihi
527 1626 568 1656 nan
581 1608 665 1656 uideris
678 1606 702 1655 t'n
716 1610 802 1671 Epire]
828 1606 969 1673 stnpsrmus.
1000 1612 1110 1672 Quian

244 1678 300 1723 mihi
312 1691 362 1723 veto
373 1675 471 1720 videris.-
487 1687 517 1721 ex
528 1670 619 1721 vetusto
631 1670 712 1719 nostro
721 1671 859 1745 exemplari.
893 1671 1052 1733 conjeblatur
1068 1678 1109 1727 ci·

243 1752 299 1787 cero
312 1737 394 1786 Attico
405 1750 454 1782 non
465 1735 567 1784 redditas
577 1731 624 1782 elle
634 1735 739 1792 litteras,
755 1748 811 1799 quta
821 1732 907 1784 diutius
919 1734 1006 1786 mansit
1018 1740 1045 1789 in
1055 1740 1109 1805 Epi·

241 1814 287 1856 ro,
301 1814 375 1859 quarn
385 1798 492 1856 dixerat,
509 1810 564 1846 curn
575 1810 654 1845 aurem
664 1810 760 1861 propter
774 1798 818 1845 iter
835 1797 982 1856 Asiaticum,
1000 1800 1068 1875 quod
1081 1802 1109 1853 ab

239 1862 286 1911 illo
301 1862 429 1926 susceptum
439 1874 502 1918 erat,
516 1859 658 1909 existimaret
668 1861 755 1927 Cicero
765 1861 871 1909 Atticum
882 1863 931 1923 jam
947 1862 974 1911 in
992 1878 1032 1914 vra
1046 1862 1108 1925 else,

240 1927 268 1974 in
279 1927 325 1975 alia
335 1927 389 1975 loca
400 1923 524 1989 epistolam
535 1924 617 1978 illam,
632 1922 682 1986 qub
692 1936 816 1971 veniturum
828 1922 903 1988 ipsum
915 1924 1027 1989 putabat,
1043 1926 1109 1979 mise-

239 2002 284 2042 rat.
301 2004 356 2039 curn
366 1989 435 2053 igitur
446 1987 524 2036 videat
533 1988 603 2036 illum
611 1985 652 2034 diu
660 1987 686 2035 in
692 1988 765 2051 Epiro
775 2001 909 2045 moratum,
923 1988 1022 2051 conjicit
1032 1991 1109 2042 lituae

242 2067 343 2104 eisnon
355 2052 464 2101 redditas.
484 2053 560 2099 Vilior.
988 2058 995 2064 '
1100 2086 1105 2105 ,

273 2132 309 2170 ςς,
327 2117 438 2174 Sufenas]
464 2117 611 2178 cognomen
624 2110 658 2160 est
671 2115 808 2162 Nouiorum
821 2147 829 2170 ,
843 2126 868 2162 ut
883 2122 979 2178 apparet
994 2128 1025 2165 ex
1039 2114 1109 2165 veteri

241 2193 344 2227 nummo
356 2191 482 2241 argenteo,
499 2180 523 2224 in
534 2178 597 2235 eujus
608 2176 682 2222 altera
691 2190 757 2240 parre
767 2177 866 2242 legitur,
883 2191 920 2225 su
929 2191 957 2228 x.
972 2192 992 2227 rt
1000 2194 1017 2226 0
1025 2192 1107 2229 urus

241 2255 292 2289 ru.
307 2256 333 2289 r..
347 2255 369 2287 P.
383 2255 406 2287 r.
423 2240 447 2286 in
457 2240 546 2294 altera,
563 2253 608 2288 sc.
627 2252 794 2290 aurnuns.
827 2240 907 2291 Rofius.

273 2309 310 2360 5⁶·
328 2305 434 2351 Procilius
444 2304 609 2359 condensam]
634 2300 721 2350 Noster
732 2305 841 2366 antiquus
852 2302 922 2359 liber,
938 2304 1106 2357 amendam.

238 2369 298 2415 Non
314 2379 395 2414 tamen
411 2377 462 2412 rece
479 2378 530 2411 tarn
543 2364 673 2413 tentonem
686 2365 864 2428 repudiavimus.
889 2368 1001 2417 Vicimus.
1033 2368 1109 2417 Reste

237 2431 361 2477 Manutius
372 2443 386 2475 a
396 2442 435 2474 me
445 2379 579 2475 admonitus
589 2425 690 2490 reposuit
704 2431 812 2476 Procilius
828 2442 883 2476 eum
898 2429 1016 2495 legeretur
1027 2446 1035 2478 ι
1051 2435 1106 2479 Por·

236 2495 308 2541 cilius.
326 2493 389 2551 cujus
399 2490 495 2538 familia
505 2489 677 2539 mentioeslin
689 2492 792 2554 antiquis
802 2487 912 2543 denariis.
943 2494 1021 2543 vrfin.
1050 2512 1061 2533 ·

271 2572 308 2611 57.
326 2558 564 2615 Tptratprtaatapt'tet]
594 2552 714 2606 Εἰρωνικῶε
735 2551 921 2620 corruptissimos
942 2554 1033 2615 judices
1057 2572 1106 2606 uno

236 2619 310 2666 verbo
325 2618 537 2676 eptaapnompinat
548 2616 649 2665 vocavit.
665 2630 723 2664 narn
732 2616 759 2666 sae
776 2631 889 2666 enumero
899 2619 927 2668 nl
939 2618 988 2671 trie
1002 2619 1028 2667 in
1038 2633 1105 2669 com·

237 2679 356 2745 positione
372 2679 421 2727 vim
438 2677 507 2726 habet
528 2677 647 2743 augendi,
669 2690 695 2726 ut
711 2697 747 2738 τρι
774 2681 863 2733 adim,
880 2682 1043 2734 anteibat&
1061 2701 1106 2732 aar·

237 2747 372 2800 crannum.
386 2740 442 2789 inde
453 2743 578 2798 Horatius,
594 2741 636 2805 qui
646 2738 703 2804 saepe
712 2738 835 2806 graciliat,
851 2756 906 2791 cum
916 2744 1002 2792 Latine
1011 2745 1108 2796 reddere

235 2806 323 2860 vellet,
340 2805 388 2853 haec
406 2802 455 2851 duo
476 2805 590 2853 vocabula
607 2838 615 2860 ,
641 2805 864 2865 eprrnapnrpteppvj
881 2808 907 2855 &
928 2812 1107 2869 τρισχιλκιᾶοων

237 2866 338 2932 sctipfit‚
355 2870 393 2914 illi
402 2868 465 2913 robur
474 2867 500 2918 da*
511 2884 536 2913 as
547 2872 578 2914 tri
591 2870 626 2913 sex
634 2870 690 2911 circa
697 2870 769 2928 pessus
778 2881 832 2918 erat.
853 2866 941 2917 Bofius.
974 2871 1052 2922 Redde
1060 2877 1108 2921 Bo·

236 2929 290 2981 lius.
307 2933 343 2980 Sic
352 2931 487 2990 triscurrittm
498 2929 558 2996 apud
570 2880 623 2993 suu.
635 2933 680 2978 Sat.
688 2943 723 2979 vr.

373 2995 424 3055 Q?
435 2992 509 3055 [uersat
525 2996 637 3055 triscurria
648 2995 801 3044 patriciorum.

236 3056 297 3108 Vide
313 3055 417 3105 Eustath.
430 3057 459 3104 acl
473 3054 541 3106 Iliad.
553 3058 588 3114 b,
603 3056 645 3119 qui
655 3056 742 3104 multas
756 3056 824 3118 hujus
837 3058 930 3122 generis
943 3072 1014 3109 voces
1030 3056 1107 3113 affert.

233 3125 343 3169 Gravius.

270 3193 306 3239 58.
325 3185 396 3228 Varita
411 3181 439 3231 esi
452 3184 509 3229 enim
528 3182 607 3244 pufilln
621 3215 629 3238 ,
645 3198 690 3244 qua
706 3199 759 3228 nune
773 3184 875 3243 laboras]
903 3187 998 3234 Locum
1012 3184 1104 3236 huncd

236 3246 330 3294 mendis
345 3243 428 3314 quibus
449 3242 567 3300 scatebat,
584 3242 711 3292 vindicavit
726 3244 814 3296 Bosrus.
838 3247 941 3297 Tornoes.
963 3250 1105 3299 murales&

237 3307 337 3356 cruselt.
349 3308 380 3353 nc
392 3307 522 3364 habebant,
537 3311 620 3354 veritas
628 3307 657 3367 est
669 3312 725 3354 enim
738 3310 816 3370 pufilla
826 3328 851 3355 ne
866 3315 962 3357 animum
979 3316 1054 3361 Pellio
1068 3312 1104 3371 of·

233 3370 345 3432 senderer:
362 3368 445 3417 eadem
463 3385 492 3417 ue
504 3368 553 3418 seri
565 3384 614 3418 erat
625 3370 696 3419 lellio
708 3374 842 3428 Bemmari,
856 3388 923 3421 extra
935 3390 1022 3435 quarn,
1038 3374 1105 3440 quod

238 3446 296 3497 pro,
311 3434 435 3479 animum?
464 3437 507 3488 lio,
524 3432 621 3490 edebat,
636 3439 706 3481 animi
716 3437 842 3491 intuitio,
858 3439 974 3499 atqueita
985 3440 1104 3489 excuden-
1131 3460 1137 3471 ·

237 3495 297 3549 dum
307 3495 407 3545 curavit:
424 3495 448 3545 id
459 3509 570 3560 praterea
583 3498 701 3558 muravit,
717 3496 783 3562 quod
797 3511 855 3562 pro,
871 3505 966 3562 unitas,
984 3500 1103 3569 reposuit,

482 3586 485 3592 .
1068 3581 1109 3615 w.
