2294 3914
207 121 287 204 mm
386 119 581 192 Lauta
629 121 928 194 Octavus

481 305 842 355 arrsroaaxrt

338 442 582 504 CICERO
621 443 880 505 ATTICO
921 444 950 505 S.
1030 453 1033 459 '

205 594 336 706 Mlnr
357 597 498 685 molestior
524 597 661 675 lippitudo
683 601 870 687 eratuetiam,
900 594 993 686 quim
1015 599 1075 693 'ante

286 676 383 735 suerat.
402 674 504 734 dature
517 687 613 735 tamen
626 677 698 737 hanc
713 676 855 751 epistolam
870 676 980 745 malui,
999 693 1076 752 quarn

59 752 72 777 ¹
87 764 113 815 r.
133 767 168 814 na
207 751 289 809 Gallo
303 751 406 822 Fabio,
425 752 612 811 amantiflimo
632 753 773 839 utriusque
786 751 939 822 nostrum,
960 752 1029 811 nihil
1047 753 1076 813 ad

207 837 236 885 te
249 828 400 888 litterarum
416 826 490 888 dare.
528 847 594 888 nam
609 828 695 906 pridie
709 828 841 906 quidem,
861 846 988 906 quoquo
997 829 1075 889 modo

205 915 371 978 potueram,
389 905 545 980 scripseram
559 904 615 980 ipse
630 922 674 964 eas
698 905 825 976 litteras,
845 923 969 982 quarum
992 906 1074 964 vatici·

206 981 351 1039 nationem
367 981 460 1040 salsam
474 979 529 1042 esse
544 983 637 1057 cupio.
656 983 737 1056 hujus
761 995 855 1040 autem
873 981 1003 1058 epistolae
1023 1001 1072 1041 nou

56 1089 74 1141 q
90 1075 123 1125 est
141 1073 195 1135 deest
205 1055 293 1116 solum
308 1075 341 1116 ea
355 1058 434 1119 causa
447 1058 522 1128 rest,
541 1069 623 1117 utne
636 1058 727 1135 quisji
741 1076 788 1117 me
802 1059 859 1116 dies
874 1060 1075 1128 intermittatur,

55 1144 80 1187 in
90 1142 143 1187 aliis
208 1134 276 1209 quin
290 1133 356 1192 dem
371 1134 406 1195 ad
419 1140 451 1193 te'
467 1136 584 1201 litteram
605 1133 668 1194 rsed
692 1137 776 1194 etiam
795 1135 859 1192 haec
876 1135 999 1212 justior,
1016 1133 1073 1193 uti

55 1201 156 1251 rsed&
209 1221 237 1268 te
257 1211 461 1287 impetrarem,
487 1224 518 1271 ut
538 1209 657 1269 sumeres
679 1211 782 1298 aliquid
803 1213 968 1286 temporis;
989 1211 1074 1288 9⁶quo

56 1264 105 1375 ξπ
112 1267 174 1378 ἕξ
208 1287 272 1420 βαίη
287 1289 335 1348 tibi
349 1290 516 1363 ⁸perexiguo
531 1305 601 1363 opus
616 1286 671 1355 est,
688 1287 816 1362 exphcari
830 1288 902 1348 mihi
915 1301 1002 1346 tuum
1017 1305 1076 1347 con-

56 1342 177 1456 gufftem-
209 1365 297 1450 ‘alium
311 1364 392 1440 plane
407 1365 499 1433 volo,
518 1376 550 1423 ut
570 1365 677 1440 penitus
697 1364 857 1438 intelligam.
900 1366 1010 1424 Omnia
1024 1364 1075 1424 sunt

55 1467 114 1519 pore
124 1457 197 1505 MSS.
207 1453 312 1516 integra
326 1442 414 1500 nobis.
439 1441 507 1499 nihil
520 1436 728 1517 praetermissum
743 1440 797 1510 est,
816 1441 897 1516 q'uod
909 1459 974 1500 non
987 1441 1076 1499 habeat

205 1515 357 1592 sapientem
373 1517 596 1587 excusationem,
616 1535 675 1576 non
689 1515 778 1576 modo
792 1517 978 1591 probabilem.
1016 1535 1075 1578 nam

207 1592 390 1673 certamque
405 1595 595 1671 tumpeccavi
613 1636 622 1664 ,
642 1592 707 1653 cinn
722 1605 751 1649 97
759 1595 925 1671 imparatam
943 1596 1006 1672 jam
1029 1596 1076 1655 Ca·

979 1689 1077 1748 puam¹

203 1824 299 1874 Livium
311 1828 336 1876 bc
348 1825 408 1875 alios
419 1827 525 1892 optimos
536 1837 642 1874 autores:
657 1825 861 1890 quemadmodum
872 1826 950 1876 etiam
965 1825 1027 1890 apud
1039 1826 1077 1876 ci·

199 1903 312 1938 ettonem
324 1898 439 1947 converto,
454 1894 479 1939 in
492 1899 576 1938 bruto:
594 1895 774 1953 erpermanens‚
789 1908 868 1938 verum
872 1892 982 1952 subrauca
991 1888 1078 1946 naturis,

194 1951 235 2010 sed
248 1956 285 2000 hoc
300 1957 384 2002 virium
400 1958 450 2000 huic
463 1959 503 2001 uui
518 1959 542 2000 ia
557 1954 633 2000 bonum
650 1957 788 2004 convertebar.
822 1959 851 2002 Et
867 1954 892 1999 in
910 1952 974 2001 libro
990 1952 1021 2002 de
1036 1958 1077 2002 Fa·
1116 1950 1119 1963 '

199 2025 247 2061 to:
269 2019 333 2080 Qr'a
344 2018 397 2076 sunt
415 2018 577 2071 immutabilia,
593 2035 629 2062 nec
645 2021 667 2062 r'u
680 2016 792 2084 falsumle'
810 2034 860 2063 vero
874 2020 987 2078 praetrita
1000 2018 1077 2079 poffrrat

197 2093 325 2130 converrere.
358 2086 436 2142 Quem
447 2082 527 2128 locum
538 2095 585 2143 ego
596 2078 721 2127 emendavi
729 2095 758 2130 ex
772 2078 862 2128 vetusto
872 2080 1077 2143 exemplatim

199 2140 309 2204 corrupte
321 2156 390 2190 antea
403 2140 500 2189 Converti
516 2145 650 2204 legeretur,
670 2145 695 2190 ὅ(
711 2158 761 2190 non
777 2157 850 2206 pauca
861 2144 909 2192 alia
922 2177 930 2200 ,
946 2157 972 2193 ut
985 2142 1074 2192 notissi-

200 2216 268 2250 mum
280 2205 312 2253 eil
325 2239 333 2260 ,
348 2209 373 2254 bc
384 2206 398 2253 a
410 2208 577 2254 Grammaticis
589 2205 715 2267 diligenter
731 2206 880 2254 adnotatum.
914 2208 976 2268 Quis
989 2204 1030 2254 scit
1047 2221 1074 2254 an

199 2268 274 2314 etiarn
284 2270 342 2326 musti
353 2268 416 2316 hira
430 2270 546 2316 Cicerone
561 2270 594 2317 ita
610 2266 729 2331 sumptum
745 2268 791 2317 sit?
809 2270 948 2317 accuratius
964 2268 1014 2317 hoc
1029 2285 1077 2318 eru·

199 2327 297 2376 diriores
307 2328 500 2386 considerabunt,
516 2345 562 2392 ego
573 2330 640 2377 nolui
656 2329 737 2378 officio
753 2346 809 2380 meo
826 2329 923 2381 deesse:
941 2347 983 2380 cur
1001 2334 1076 2388 enim,

200 2405 252 2452 que
263 2393 368 2454 aliquam
379 2393 509 2457 imaginem
521 2390 597 2457 prisca
613 2394 723 2442 sessionis
739 2393 860 2450 habeant,
877 2408 939 2444 nota
950 2411 1004 2442 non
1017 2396 1075 2444 fact·

199 2456 265 2502 rem?
282 2453 522 2519 (improbabuntur,
539 2469 648 2520 poterunt
664 2455 734 2505 facile
751 2457 883 2520 repudiari:
902 2460 930 2506 δι
944 2472 1032 2508 tamen
1046 2457 1075 2507 sic

200 2516 350 2576 (conservata
361 2517 401 2566 suo
412 2520 468 2568 loco
481 2532 574 2582 recepta
584 2521 633 2580 jam
643 2519 758 2582 lessione)
775 2520 890 2569 adnotata
909 2520 973 2569 nihil
992 2536 1074 2570 nocere

198 2577 266 2646 posse
277 2580 399 2640 videntur,
416 2585 441 2632 ὅ(
452 2582 510 2646 saepe
521 2599 571 2630 non
582 2597 663 2646 parurn
674 2580 787 2646 prodesse.
824 2587 901 2633 Vilior.

231 2653 270 2697 96.
287 2649 338 2708 Quo
349 2650 402 2709 quia
411 2650 452 2692 tibi
459 2650 568 2708 perexiguo
578 2658 627 2707 opus
637 2645 690 2703 est.]
720 2645 756 2694 Ea
769 2662 793 2693 es
809 2648 874 2695 enim
889 2646 1036 2710 prudentii,
1051 2658 1075 2697 ut

196 2705 228 2752 ad
239 2708 424 2771 excogitandum
440 2706 567 2772 perexiguo
578 2708 622 2757 tibi
635 2723 744 2772 ternpore
757 2724 815 2773 opus
826 2707 861 2758 sit.
894 2723 921 2758 ut
933 2713 1016 2759 miuus
1027 2725 1077 2776 gra·

196 2782 227 2816 ve
238 2770 343 2819 futurum
356 2772 397 2828 stt,
415 2773 475 2820 banc
485 2774 658 2836 cogitationem
671 2771 725 2820 med
736 2772 804 2820 causi
815 2771 935 2837 suscipere.
970 2780 1003 2822 Et
1016 2774 1073 2823 ordo

196 2831 244 2890 Ost,
262 2837 313 2897 Qu
322 2837 371 2880 volo
383 2838 487 2898 explicari
497 2838 566 2892 mihi,
584 2838 628 2886 dre.
662 2832 762 2897 Malasp.

228 2913 266 2952 97.
285 2906 417 2961 imparatam
428 2901 479 2957 jem
497 2904 614 2960 capuam.]
635 2897 719 2946 Codex
735 2895 838 2948 Tornaes.
852 2901 1005 2960 imperatam
1026 2913 1073 2962 quo

196 2959 274 3007 modo
286 2960 414 3026 legendum
426 2959 481 3009 ciam
497 2960 580 3010 Lamb.
596 2975 648 3008 turn
666 2961 705 3008 alii
719 2961 763 3008 viri
779 2961 843 3009 dosii
855 2961 1004 3011 existimant.
1037 2959 1075 3010 sed

196 3037 251 3074 cum
263 3025 301 3072 vul
320 3039 383 3073 aram
394 3024 523 3073 restionem
534 3028 664 3087 imparatum
673 3022 771 3072 retineat
783 3029 924 3073 Decurtatus
936 3061 944 3083 ‚
961 3040 1020 3074 eam
1030 3029 1076 3074 Bo-

195 3084 241 3137 srus
251 3042 359 3138 sudfoco
372 3103 468 3139 morere
479 3088 565 3138 noluit.
582 3089 654 3138 cleric.
687 3093 820 3148 Imperarunt
831 3091 881 3148 jam
899 3094 1021 3150 capuam]
1036 3088 1076 3136 alii

197 3151 330 3208 imperatam.
348 3149 387 3200 sed
398 3152 462 3216 lege,
477 3152 606 3215 desperatam
613 3154 677 3210 jam,
690 3150 727 3199 vel
743 3151 770 3199 τὸ
779 3155 829 3210 jam
840 3149 979 3201 delendum.
998 3149 1076 3200 sensus

198 3210 245 3266 est,
262 3227 316 3262 cum
327 3220 427 3280 Capua,
444 3229 516 3278 quarn
528 3212 574 3278 ipse
591 3211 715 3276 Pompeius
727 3216 753 3261 δι
770 3211 877 3261 consules
888 3212 912 3262 se
929 3216 992 3262 tueri
1008 3211 1075 3278 posse

197 3272 393 3385 depietaverant,
410 3278 487 3342 eoque
503 3278 528 3325 in
543 3277 672 3326 remotiora
687 3275 710 3324 se
725 3278 893 3332 contulerant,
910 3277 1076 3342 praefesluram

196 3338 227 3386 de
240 3340 278 3401 ogi
291 3374 297 3395 ‚
314 3343 417 3397 veritus,
434 3338 490 3389 nest
501 3339 673 3388 sacramentum
684 3340 838 3388 detreslarem
850 3340 906 3387 hinc
922 3338 1076 3389 conscriben-

197 3400 222 3452 di
233 3402 333 3458 milites,
350 3403 375 3450 in
385 3419 424 3452 me
434 3405 515 3468 culpa,
532 3418 583 3451 non
594 3402 669 3450 modo
686 3403 784 3466 ignavia:
800 3403 838 3451 vel
854 3401 975 3465 segnitie,
992 3403 1033 3452 sed
1049 3406 1075 3454 &

196 3465 297 3529 perfidia
308 3466 460 3521 conferretur.
480 3468 505 3529 J.
517 3471 535 3516 F
537 3502 545 3536 ,
556 3470 653 3520 Gronov.
683 3471 750 3520 Patet
764 3465 895 3535 desperatam
903 3469 957 3530 jam
973 3475 1077 3534 capuam.

1032 3526 1073 3587 sed
1108 3611 1111 3619 .
