2294 3914
163 154 244 236 1462
346 146 873 215 LtueROcrnvus

162 264 261 338 fugam
274 257 393 319 intendis
412 256 724 333 commutationemque
744 254 813 313 vitae
831 263 920 338 tuter
965 248 1040 326 quod

163 341 214 398 tibi
229 349 298 412 puto
313 333 564 394 calefaciendum:
584 335 632 402 δι,
650 334 785 410 ignoras,
804 331 956 413 Domuum
977 344 1040 386 cum

165 415 317 474 fascibusne
344 412 400 479 fit;
420 411 498 489 quod
520 428 585 470 cum
612 410 702 480 scies,
727 409 812 468 facies
828 450 839 478 ,
856 416 890 463 ut
915 403 1041 489 sciamur.
1088 468 1091 491 Ι

165 492 262 551 Habes
280 488 316 548 ad
335 490 453 566 primam
469 487 619 564 epistolam.
655 486 757 547 secntae
769 485 833 544 sunt
846 482 913 568 duae
924 523 938 568 ‚⁹
959 479 1042 555 pridie
1087 498 1091 545 ς

168 569 222 627 kal.
237 567 328 626 ambae
341 566 431 636 datae,
450 583 515 642 quae
529 582 577 625 me
592 565 784 624 convellerunt
797 561 834 620 de
856 556 975 634 pustino
996 555 1041 615 sta·

168 658 217 712 tu,
233 645 293 719 Jam
307 654 420 712 tamen,
438 654 471 700 nt
483 640 547 700 ante
561 640 597 699 ad
609 654 638 700 te
650 640 755 717 scripti,
772 638 925 697 labantem.
948 634 1044 691 ²9Neo

171 737 220 777 me
258 732 380 787 movet,
433 719 511 795 quod
550 715 670 787 scribis,
714 717 785 789 Jovi
825 711 873 791 ipfi
912 711 1039 796 iniquum.

170 813 238 854 narn
252 795 406 871 periculum
420 796 449 854 in
463 795 605 870 utriusque
618 794 757 853 iracundia
776 791 901 867 positum
925 788 965 846 est
980 808 987 845 :
1005 805 1042 844 vr·

172 871 260 955 cloria
273 884 368 931 autem
381 872 418 930 ita
431 873 536 930 incerta
551 913 561 940 ,
579 885 611 930 ut
624 871 744 933 deterior
757 868 836 927 causa
856 865 982 943 paratior
995 865 1045 997 miri

174 1157 257 1204 Graca
269 1154 299 1204 ab
316 1153 430 1219 imperitia
445 1152 545 1206 librariis
561 1155 653 1204 Latinis
666 1152 836 1203 chmuenbus
852 1142 1045 1216 perscriptam,

173 1220 200 1267 &
215 1217 321 1282 paullum
331 1217 473 1269 deformata.
506 1219 646 1281 Legendum
656 1220 722 1266 enim
731 1232 788 1264 meo
802 1215 914 1274 judicio:
947 1216 977 1259 Er
993 1208 1046 1255 hand

173 1284 283 1333 adnuerit
294 1281 372 1340 faram
387 1285 487 1332 intendit.
514 1296 563 1343 qua
572 1286 655 1330 Graeca
664 1294 722 1328 voce
737 1281 832 1328 Atticus
844 1292 896 1326 erat
909 1274 982 1329 usus,
997 1284 1048 1320 cum

172 1344 246 1393 vellet
258 1343 389 1409 dignificare
399 1343 421 1393 se
431 1346 514 1394 animo
523 1345 625 1395 minime
635 1345 743 1401 auxio&
754 1341 868 1394 confecto
879 1348 1048 1411 moerorenrnel·

175 1405 542 1457 ditariseceffumaburbeinE
561 1409 566 1419 '
634 1442 642 1465 ,
660 1421 686 1455 ut
702 1405 750 1455 istic
763 1404 823 1454 liber
838 1405 869 1453 ab
886 1403 960 1451 omni
977 1398 1048 1448 crvrlts

174 1467 231 1519 belli
248 1471 353 1534 periculo
368 1469 522 1533 poffeffionea
548 1486 589 1520 uas
609 1471 685 1520 obiret
701 1460 922 1534 de‘negotiaretttr.
951 1461 1017 1527 epist
1028 1476 1047 1508 1·

170 1531 255 1582 libra.
272 1539 358 1594 Popma.
392 1538 479 1597 Lego,
495 1540 524 1583 Et
545 1537 595 1582 hinc
614 1537 716 1583 „Athena
729 1531 806 1594 fugam
827 1532 931 1579 intendis.
959 1526 987 1575 id
1001 1522 1049 1577 est,

171 1593 251 1644 scribis
266 1609 291 1645 te
307 1595 362 1644 lrinc
380 1611 411 1645 ex
430 1599 499 1646 ltalia
514 1597 643 1646 rediturum
660 1596 766 1645 Athenas
782 1596 819 1657 (in
835 1608 905 1643 vetus
922 1589 1051 1654 hospitium

171 1669 256 1716 tuum,
270 1658 309 1708 ubi
320 1661 393 1709 etiam
408 1659 495 1709 latuisti
506 1663 586 1710 Mario
602 1665 628 1710 δι
645 1661 711 1724 Sylla
724 1663 812 1722 Remp.
829 1651 1010 1722 diripientibus)
1028 1653 1051 1700 δι

172 1719 207 1771 ibi
221 1722 295 1771 vitam
304 1723 478 1785 provincialem
488 1725 594 1772 aelurum
604 1721 654 1778 stne
663 1723 715 1771 ullo
729 1720 854 1785 splendore
864 1733 893 1769 ut
904 1721 998 1773 lateas,
1012 1728 1053 1762 nec

173 1785 201 1833 in
218 1786 301 1833 oculos
317 1783 443 1833 hominum
459 1789 570 1835 incurras.
603 1785 654 1834 Nili
676 1786 724 1834 lroc
748 1784 860 1848 posterius
876 1783 1003 1845 intelligas
1024 1777 1052 1824 de

174 1848 244 1896 dieta
267 1850 292 1896 δι
315 1849 505 1897 commutatione
520 1848 587 1906 cibi3
614 1864 672 1897 narn
688 1847 764 1896 adbuc
780 1845 899 1911 quartani
920 1840 1052 1892 laborabat.

173 1910 332 1961 intralibrx.
348 1926 385 1975 ep.
393 1928 414 1959 2.
434 1913 593 1970 J.F.Gronov.
631 1917 725 1961 Secutus
740 1909 867 1972 priscorum
883 1907 999 1957 codicum
1014 1919 1053 1953 ve·

175 1973 245 2037 stigia
254 1975 279 2022 in
291 1973 375 2036 quibus
385 1973 459 2024 exstat
469 1977 495 2028 da·
513 1990 551 2023 aut
566 1981 666 2024 tiemonis
678 2009 685 2031 ,
702 1978 727 2023 δι
738 1988 763 2019 tu
776 1976 805 2018 ad
820 1977 945 2027 cannonis,
962 1974 988 2021 &
998 1969 1053 2016 head

173 2042 214 2095 hac
228 2043 294 2095 mois,
312 2037 458 2088 scribendum
468 2037 565 2088 censeo:
582 2044 612 2086 Er
621 2057 649 2084 an
660 2053 684 2084 tu
694 2040 723 2083 ad
736 2042 848 2084 elaaoniam
859 2035 941 2098 fugam
954 2036 1051 2082 intendis.

173 2100 287 2149 Chaonia
298 2100 332 2150 est
344 2116 396 2164 pars
409 2103 486 2165 Epiri,
503 2104 528 2151 in
544 2117 591 2165 qua
601 2100 750 2166 poffeffiones
765 2099 837 2148 attici
848 2112 938 2154 erant,
956 2097 1053 2162 superius

174 2163 260 2212 lib.v1.
278 2177 345 2228 ep.3.
362 2168 623 2228 Qantotuaprovincr'a
632 2168 728 2212 melior!
750 2166 833 2210 decedes
848 2180 898 2208 cum
912 2165 984 2212 acles.
1016 2163 1052 2219 nisi

170 2227 231 2286 forte
241 2230 292 2284 jam
308 2228 411 2286 deceffijlr'.
444 2245 506 2291 quem
521 2230 633 2275 videbitur
648 2228 748 2291 preficies
762 2227 887 2288 Thesprotia
908 2226 936 2275 da·
955 2230 1053 2274 (beonia.

174 2290 286 2337 Intendere
301 2304 379 2338 atatem
391 2292 470 2349 furam
484 2293 514 2339 ad
530 2296 644 2338 chaoniam
673 2291 706 2340 est
721 2304 745 2338 ut
766 2290 826 2353 apud
842 2287 901 2352 Just.
915 2302 990 2338 xxiv.
1007 2297 1054 2349 Opts

174 2354 227 2414 suas
238 2353 268 2397 ad
279 2356 416 2415 occupandam
430 2356 595 2400 dominationem
605 2326 718 2402 inuidere.
736 2356 761 2402 δι
774 2370 784 2402 ι
789 2370 810 2407 3.
832 2354 874 2398 Ad
889 2357 980 2413 nuptias
1002 2356 1055 2399 Clee-

176 2428 243 2535 pgtrfa
255 2418 362 2462 intendere
377 2414 463 2524 slcillcet
475 2420 590 2527 animata.
611 2417 754 2527 &libdm
771 2415 944 2527 lgr'ffirnulatum
960 2419 1054 2462 animum

234 2493 322 2524 avarem
346 2497 452 2526 ouarem
463 2498 517 2527 cunct
530 2499 566 2528 mn
583 2499 618 2528 um
628 2496 683 2528 rnten
700 2499 738 2528 cre.
797 2493 886 2529 raevtlss.

213 2557 250 2594 29.
268 2547 312 2588 Nec
329 2492 368 2589 ζηξ
384 2557 456 2590 movet
480 2544 553 2607 (quod
563 2543 656 2606 scribis)
673 2544 752 2605 ionupfi
761 2548 850 2600 meum]
880 2541 902 2590 Si
931 2542 1055 2607 diligenter

180 2603 369 2660 animadvertas,
386 2607 445 2655 nihil
455 2606 505 2656 fere
516 2607 598 2655 mendi
613 2607 699 2657 habent
715 2607 762 2655 hoc
777 2608 833 2654 loco
844 2607 942 2668 antiqui
956 2607 1055 2659 codices,

180 2666 244 2715 unde
254 2670 338 2737 reliqui
349 2668 485 2718 fluxerunt:
513 2684 538 2718 ut
554 2672 624 2719 mirer
639 2684 763 2735 tantopere
778 2669 858 2733 postea
874 2668 904 2716 ab
921 2670 978 2718 aliis
995 2673 1055 2733 (curn

181 2729 253 2778 facile
269 2746 324 2780 ante
339 2735 424 2795 corrigi
441 2731 533 2795 pollet)
553 2733 706 2797 depravatum
722 2731 795 2782 fuille.
829 2731 919 2780 Noster
936 2736 1056 2798 antiquior

175 2795 230 2852 jovi
246 2796 362 2853 infinitum.
381 2796 473 2858 quodsi
487 2794 667 2846 confiderass'ent
677 2816 694 2845 c.
707 2800 732 2845 δι
743 2815 765 2859 q.
782 2798 872 2844 litteras
884 2793 946 2856 saepe
958 2797 1057 2845 confun-

181 2855 221 2912 di,
237 2856 385 2920 alteramque
401 2875 444 2921 pro
460 2861 533 2908 altera
548 2863 621 2925 capi,
637 2861 705 2908 nullo
725 2860 807 2909 labore
822 2858 939 2922 quicquid
962 2859 1059 2908 restabat

183 2919 338 2980 perverfionis
350 2919 504 2971 restituiffent.
539 2940 596 2973 nam
612 2938 665 2971 cum
681 2924 731 2971 dua:
748 2923 793 2972 srnt
809 2925 904 2971 vocales
915 2921 961 2970 fibi
974 2925 1062 2972 haren-

184 2982 308 3054 tes‚⁴stepe
320 2985 392 3035 altera
409 2985 449 3047 lup
467 2987 557 3035 rimitur
576 2991 601 3037 δι
613 2987 706 3044 interit,
723 3001 747 3036 ut
759 2985 829 3051 paulo
839 2985 907 3051 supra
919 2989 1007 3044 diaria,
1020 3000 1062 3049 pro

185 3044 264 3096 dranis
279 3049 303 3096 in
315 3050 415 3111 antiquo
430 3001 465 3097 eli
478 3048 607 3113 scriptum,
630 3053 655 3098 δι
671 3049 754 3107 eadem
771 3051 863 3098 rarione
877 3049 981 3098 infinita
1001 3049 1063 3114 pene

185 3122 263 3159 voces.
297 3113 351 3158 Nos
361 3112 432 3172 igitur
442 3118 610 3174 putamus-iovi
620 3114 659 3174 ipfi
673 3118 774 3178 iniquum
787 3111 938 3162 scribendum
956 3109 1004 3161 effe
1017 3130 1024 3160 ε
1040 3111 1063 3160 id

183 3168 217 3240 cll
228 3172 382 3221 veliementer
397 3176 482 3229 iratum
499 3179 524 3225 &
544 3176 724 3239 exasperatum,
740 3189 766 3224 ut
777 3190 820 3223 nec
836 3176 902 3234 diis,
920 3182 973 3224 nec'
983 3177 1064 3226 horni-

183 3230 252 3305 nibus
269 3249 355 3298 parcat.
388 3240 424 3286 Sic
440 3240 543 3303 appellat
560 3242 585 3289 in
600 3239 698 3303 epistola
715 3240 745 3294 ad
763 3241 895 3295 Plancum,
919 3243 1063 3295 servilium,

183 3309 227 3358 qut
237 3296 369 3350 astionibus
381 3299 425 3350 suis
437 3301 613 3352 adversabatur:
627 3309 671 3369 ‘Res
685 3307 708 3350 in
720 3303 825 3366 postcrum
840 3305 933 3360 dilata,
949 3311 1014 3352 venir
1027 3321 1064 3369 pa-

184 3371 246 3405 ratus
266 3363 377 3408 Servilius
397 3365 453 3422 Joor'
473 3367 511 3428 ipſs
529 3371 635 3430 iniquus,
661 3371 721 3427 cujus
742 3368 857 3426 intemplo
877 3384 908 3412 res
920 3370 1032 3430 agebatur.
1047 3387 1065 3415 c.

182 3434 266 3534 3²qu
286 3438 331 3489 1210
354 3441 385 3489 qu
411 3429 439 3479 in
465 3432 568 3494 antiquis
588 3429 707 3489 codicibus
728 3429 784 3481 alibi
803 3427 919 3494 scriptum
936 3429 1068 3480 obiectari.

204 3502 213 3532 r
235 3503 267 3543 or.
573 3514 577 3519 ·
765 3505 767 3510 ·

955 3575 995 3624 3⁰·
1012 3558 1066 3608 exi·
