2294 3914
96 47 108 76 Ι

49 193 246 265 Error.
286 215 360 263 ao
399 196 705 264 -Arrrcom
747 208 836 289 t343

45 315 94 364 aot
116 306 191 365 certe
211 325 273 371 non
302 318 456 384 expertem.
495 309 543 368 Sin
570 309 720 367 vincuntur
740 306 854 379 boni3'

43 398 123 459 nque
145 380 229 443 ellem
251 427 260 455 ,
279 384 336 443 uni
365 398 432 445 cum
455 384 487 443 iis
507 384 597 443 vietus
617 381 712 443 ellem.
751 400 838 461 quare

43 471 78 519 tus
91 460 176 519 nostri
197 460 300 521 reditus
315 463 531 531 ἀμεταμέλητος
550 461 634 521 debet
655 458 717 519 else.
756 460 837 537 qubd

70 536 150 595 nobis
172 538 305 614 cogitatio
327 538 363 598 de
382 540 526 615 triumpho
546 538 647 598 in'eda
668 554 727 597 non
750 535 835 609 ellet,

52 626 84 671 tu
97 630 214 691 quoque
227 615 375 691 approbas,
395 632 443 679 nae
454 626 486 674 tu
505 556 583 675 haud
600 614 721 675 multum
742 616 835 691 requi-

43 689 117 749 illum
133 692 243 763 virum,
264 694 354 771 quiin
370 712 412 753 vr.
425 693 496 753 libro
510 694 676 752 informatus
691 691 736 751 est.
764 690 833 768 quid

45 767 93 827 tibi
104 769 224 839 faciam,
245 772 293 848 qui
307 770 367 830 illos
380 771 465 831 libros
479 770 613 830 devorasti
623 767 635 827 Β
644 770 712 849 quin
721 779 833 828 renunc

43 863 122 905 non
143 845 274 907 dubitabo
295 866 356 909 rem
384 860 491 909 tantam
510 849 652 925 abjicere,
677 846 699 905 li
723 846 753 907 id
780 848 832 905 erit

43 938 64 981 a.
99 928 250 1001 utrumque
271 924 340 985 verb
361 925 441 985 fimul
462 926 506 1000 agi
527 944 585 985 non
608 922 696 1000 potest
716 968 726 996 ,
746 926 776 983 &
795 923 832 983 de

43 997 97 1075 pho
109 1001 272 1071 ambitiose,
294 1004 323 1061 &
338 1000 373 1063 de
387 1003 524 1079 republica
537 1001 630 1061 libere.
668 1000 714 1061 sed
726 1020 764 1063 ne
778 999 830 1061 du·

43 1094 63 1145 r,
81 1079 167 1153 quin,
187 1079 264 1155 quod
279 1078 439 1150 honestius,
460 1077 488 1138 id
502 1079 571 1137 mihi
585 1079 710 1137 futurum
726 1077 757 1135 srt
779 1095 829 1136 an-

43 1170 65 1211 a.
102 1154 178 1213 Nam
200 1155 278 1231 quod
298 1168 375 1231 putas
396 1156 487 1215 utilius
510 1152 563 1213 elle
583 1156 629 1213 vel
643 1154 730 1221 mihi,
749 1152 829 1231 quod
849 1156 874 1204 P·
889 1156 949 1215 cm

52 1227 99 1301 fir,
120 1232 164 1291 v'el
179 1235 263 1291 etiam
278 1248 309 1291 ut
322 1234 479 1309 reipublicae
493 1230 617 1307 prodesse
631 1230 729 1307 poffim
752 1273 762 1298 ,
782 1248 829 1289 me

43 1324 88 1367 um
103 1308 222 1385 imperio
239 1331 249 1377 ;
269 1308 298 1367 id
320 1327 415 1369 coram
436 1308 667 1369 considerabimus
688 1307 769 1385 quale
788 1304 828 1365 fit.

52 1385 126 1443 enim
142 1403 184 1443 res
198 1385 426 1445 deliberationem
434 1410 444 1455 ;
466 1385 514 1444 etli
529 1404 563 1443 ex
579 1396 656 1461 parte
678 1401 778 1460 magna
791 1385 827 1442 ti·

43 1456 136 1521 lentio.
174 1463 221 1521 De
235 1465 331 1522 animo
344 1477 440 1522 autem
455 1480 521 1521 meo
538 1480 600 1537 erga
614 1461 823 1539 rempublicam,
833 1452 849 1502 ἃ
860 1456 976 1532 stauos„

43 1538 118 1607 lacis,
138 1539 216 1674 ‹pubd
231 1558 290 1601 non
312 1540 416 1599 dubitas
433 1584 441 1606 ‚
461 1542 491 1599 δι
510 1539 577 1598 illud
597 1537 683 1614 probe
699 1517 962 1633 judicasffilgssff‘sst

43 1630 128 1691 ,quam
158 1618 207 1675 atis
227 1635 278 1692 pro
299 1618 368 1675 meis
389 1616 509 1685 officiis,
535 1634 586 1692 pro
608 1618 616 1674 i
638 1615 688 1674 stus
707 1617 737 1675 in
758 1616 826 1675 alios

43 1706 88 1750 >ne
101 1693 179 1751 illum
193 1696 221 1753 in
237 1712 283 1751 me
297 1693 438 1753 liberalem
454 1689 547 1753 fuiffe:
567 1634 679 1769 ejuddlue
699 1692 739 1751 rei
759 1709 825 1749 cau-

43 1766 87 1826 ere
101 1770 235 1845 explicam
257 1773 286 1828 δι
301 1770 363 1839 eis,
388 1788 454 1847 quae
482 1768 518 1828 de
540 1770 626 1829 Fabio
646 1768 824 1845 Caninioque

43 1840 144 1914 tribio,
166 1848 245 1907 valde
266 1844 462 1907 consentiunt:
484 1864 548 1923 quae
569 1846 590 1905 fi
609 1846 685 1905 secus
713 1842 823 1915 errent,

43 1938 102 1997 tque
121 1922 148 1981 se
162 1922 206 1981 ille
226 1926 254 1983 irr
277 1942 324 1983 me
344 1920 520 1998 profudiffeta
541 1936 637 1983 tamen
649 1923 717 1991 illa,
736 1940 824 1999 quam

52 2000 168 2065 ,custos
192 2003 262 2060 urbis
284 2018 330 2059 me
351 2000 489 2075 praeclarae
509 2000 690 2075 inscriptionis
712 2016 826 2057 memo·

43 2070 89 2133 effe
109 2090 245 2151 cogeret;
272 2095 326 2135 nec
347 2078 416 2135 mihi
441 2076 630 2145 concederet,
651 2088 682 2133 ut
706 2075 829 2137 imitaret

43 2154 134 2221 ttium,
154 2166 201 2211 aut
216 2154 360 2222 Servium,
379 2153 477 2229 quibus
497 2164 529 2212 tu
549 2170 577 2210 es
598 2163 762 2218 contentam
782 2150 829 2211 led

43 2226 57 2285 d
73 2246 124 2287 nos
140 2230 224 2289 vellet
236 2230 315 2291 nobis
330 2230 445 2308 dignum
460 2232 491 2288 δε
504 2229 602 2288 sentire
617 2230 647 2288 δε
668 2226 827 2288 defendere.

47 2306 161 2381 quidem
175 2325 286 2382 agerem
303 2351 311 2377 ‚
331 2307 352 2366 fi
378 2308 498 2376 liceret,
518 2306 572 2365 alio
596 2304 685 2365 modo
703 2324 737 2364 ac
752 2322 828 2365 nunc

45 2400 92 2441 um
115 2384 159 2441 est.
199 2384 233 2442 de
254 2383 300 2443 suri
320 2378 445 2460 potentii
467 2384 600 2444 dimicant
620 2383 749 2443 homiues
769 2384 827 2445 hoe

43 2476 103 2528 are,
122 2462 246 2535 periculo
259 2462 384 2520 civitatis.
422 2480 487 2520 nam
503 2497 512 2531 ‚
532 2460 552 2518 sr
568 2459 716 2536 respublica
729 2462 829 2521 defen-

43 2559 45 2595 :
65 2554 115 2594 cur
136 2555 185 2605 ea,
207 2538 319 2596 consule
332 2538 382 2596 illo
397 2538 472 2612 ipso,
492 2537 602 2597 defensa
615 2554 675 2596 non
689 2537 755 2596 est?
778 2548 828 2601 cut'

60 2612 90 2671 in
111 2614 188 2688 cujus
210 2614 287 2672 causa
308 2614 466 2689 reipublicae
487 2615 553 2672 salus
575 2613 760 2685 consistebat,
777 2616 829 2673 de·-

43 2708 45 2743 ι
64 2689 175 2765 postero
196 2708 271 2749 anno
292 2708 352 2749 non
366 2688 454 2749 sum?
481 2707 529 2748 cur
544 2690 692 2765 imperium
706 2690 762 2759 illi,
781 2704 830 2752 aut

43 2783 65 2826 ,ο
80 2766 170 2824 modo
186 2778 365 2843 prorogatum
380 2764 438 2825 cll?
459 2784 507 2827 cur
521 2777 666 2841 tantopere
672 2779 828 2841 pugnatum

43 2852 67 2901 ut
80 2841 116 2900 de
132 2844 189 2917 ejus
202 2843 315 2903 absentis
336 2846 443 2902 ratione
461 2842 586 2901 habenda
607 2842 706 2901 decem
727 2844 829 2907 tribuni

52 2917 187 2979 ferrent?
206 2922 247 2979 hir
269 2921 314 2979 ille
335 2922 414 2979 rebus
434 2921 474 2979 ita
493 2919 651 2990 convaluit,
671 2930 739 2977 55ut
751 2938 830 3011 nuuc

799 3013 831 3063 ln

43 3165 201 3227 chipsmq
229 3168 301 3215 Nune
310 3180 364 3237 curn
375 3168 424 3225 iam
433 3164 464 3216 de
473 3167 596 3233 triumpho
604 3164 731 3219 statuerim.
758 3168 786 3217 dt
796 3166 832 3217 est

43 3228 154 3293 loquendi
166 3243 220 3277 cum
231 3230 335 3295 emphatr
346 3228 480 3293 usurpatum
494 3265 503 3289 ,
520 3245 546 3279 ut
558 3232 598 3281 lib.
610 3244 661 3278 κη.
682 3238 746 3279 Nm
760 3232 831 3294 ipsun

46 3324 56 3349 .
70 3308 95 3339 u
102 3293 191 3351 scribo,
211 3307 236 3339 ut
252 3298 289 3350 ii,
305 3297 346 3355 qui
358 3310 439 3340 mecum
455 3297 520 3355 sunt,
531 3295 643 3357 difficilius
653 3297 723 3342 otim
737 3293 829 3354 ferm

43 3356 179 3418 pulsum.
215 3360 237 3406 l’.
250 3361 344 3405 Manut.

43 3422 75 3467 vt
84 3436 140 3465 nnnc
149 3423 174 3465 in
184 3436 225 3466 aar
236 3423 284 3467 cive
292 3420 356 3481 R'sl'·
367 3420 397 3467 ιλ
412 3419 545 3477 rafistmdum
556 3420 662 3467 nmilia
671 3421 722 3481 fin]
742 3418 830 3471 Εεὲῐιὶ

43 3496 66 3529 ar
77 3485 167 3529 aunei»
178 3498 218 3529 aaa
230 3486 278 3530 civi
286 3484 359 3529 arrad
370 3480 560 3543 rfistudnfir:
576 3480 703 3551 staduufli!
717 3484 830 3551 placem.

49 3549 93 3600 mi
102 3549 149 3597 civi
157 3546 221 3616 wll.
232 3544 263 3595 ut
278 3546 411 3613 rqlsstadmn
424 3546 579 3609 imbecillasst..
593 3544 671 3605 urdo.
701 3550 837 3658 vom:
