2294 3914
208 385 326 452 autem?
345 385 495 458 hactenns,
513 403 552 447 ne
564 385 633 470 quid
645 386 681 448 ad
693 385 838 457 leuatum,
859 383 1084 459 ”consulemus
1116 358 1118 397 Ι

210 134 296 185 saro·
399 114 595 182 Iram
637 116 969 207 Quintus,

206 232 386 309 Chaerippus:
396 230 544 310 (qnoniam
557 231 606 291 hle
620 250 736 313 quoqne
750 242 780 288 ³4
788 230 939 300 nplssssrss
951 228 1086 310 sustulisti)

208 308 403 385 dptovincia!
425 304 546 369 esiamne
559 311 606 368 hic
627 311 698 369 mihi
718 308 853 368 turandus
868 305 927 368 est?
946 311 1084 371 curandus

1031 480 1084 523 nu·

207 638 256 678 use.
279 626 358 686 Bessus.
390 630 469 678 Locus
482 626 689 693 obscurns,quem
702 628 738 678 ita
751 627 872 694 explano:
892 632 932 677 De
948 626 996 676 illo
1014 625 1082 690 quod

209 689 347 755 Charippus
358 688 423 743 adse
432 691 530 749 detulit,
563 694 661 742 uoniam
676 694 702 741 in
717 691 764 750 spot
780 705 850 740 antea
865 693 891 739 in
900 691 986 740 'rulliae
997 692 1082 740 matri·

208 754 296 803 monio
322 751 513 804 assensionems
568 756 573 765 '
597 757 617 813 ¹,
632 768 710 829 neque
719 752 838 819 scripsisti,
853 754 912 827 quid
927 752 988 803 mihi
1006 766 1082 817 agen·

208 814 267 865 dum
277 831 344 880 putes
355 816 442 881 quidue
450 816 544 884 probes,
578 822 600 867 0
612 819 734 883 provintia
744 833 804 883 quas
812 816 873 866 milrt
888 815 1010 871 molestias
1025 816 1081 866 das?

206 881 312 929 'etiamne
328 881 367 931 hie
383 881 444 930 mihi
460 880 575 930 curandus
594 883 619 931 tr
634 878 763 946 placandus
777 879 830 931 eut
851 879 988 945 Charippus
1004 880 1082 928 homo

204 941 356 1002 Ciliciensis,
370 956 396 994 ut
406 945 514 1001 videtur,
534 949 642 997 Romam
657 942 688 993 ad
705 945 848 994 ciceronem
857 943 966 1007 questum
982 954 1080 993 venem

204 1004 236 1063 de
249 1007 334 1067 injuria
350 1006 531 1073 ptaescsborum,
547 1007 739 1072 negotiatorum,
753 1008 891 1059 antestium
909 1011 1082 1058 Romanorum

203 1068 231 1118 in
240 1071 369 1131 prouincia.
385 1069 418 1124 sic
429 1072 495 1146 enim
511 1069 618 1129 solebant
632 1071 789 1145 provinciales
803 1070 940 1145 adnutum
957 1067 1083 1143 magistre·

205 1132 952 1271 Suillius?”illitissustullisent
962 1130 1080 1245 illlis:

204 1258 314 1323 questum
328 1259 410 1317 sursit,
426 1259 492 1326 quod
502 1260 563 1310 mihi
574 1259 662 1309 nonsit
680 1258 812 1310 vetrsimdc.
841 1258 899 1324 quid
914 1274 980 1309 enrm
997 1273 1082 1332 quere:

163 1322 166 1328 '
207 1336 271 1374 tetur
280 1322 310 1371 de
320 1324 364 1372 illo
380 1325 422 1388 qui
436 1323 544 1378 nondum
558 1323 584 1371 in
599 1325 747 1388 ptdvbrciam
761 1337 873 1382 venerat,
894 1336 974 1388 neque
987 1334 1080 1386 negotn

205 1378 337 1452 quidquam
349 1389 374 1436 in
384 1402 412 1436 ea
422 1384 527 1452 gesserat.
559 1391 646 1449 Pspme.
944 1448 950 1460 1

206 1450 565 1563 etnttutnuuuu
575 1445 1083 1567 transmarinum

208 1576 230 1625 is
244 1576 350 1625 Tulliam
360 1591 459 1626 uxorem
470 1549 571 1631 (suane,
588 1529 632 1640 qui
643 1592 694 1626 non
704 1530 936 1629 asienusvidebarur,
952 1544 1008 1623 ’hic
1023 1589 1081 1625 vero

206 1637 298 1703 iterum
310 1638 466 1689 assensionem
482 1639 644 1696 submoverat,
654 1655 709 1689 num
718 1637 835 1688 dubitarat
856 1636 914 1704 quid
923 1638 947 1686 'tn
958 1636 1078 1703 cherippi

205 1705 308 1766 negotio
318 1704 368 1752 lieri
381 1716 509 1767 oporteret.
540 1704 619 1760 uestes.

238 1781 276 1821 35.
294 1769 391 1826 Censesle,
400 1780 440 1813 aut
454 1783 549 1816 numere.
572 1775 630 1814 Nam
640 1770 666 1814 de
675 1769 768 1824 cererin]
787 1766 824 1814 sit
833 1762 917 1814 diserte
932 1767 1001 1814 MSS.
1015 1762 1075 1820 due,

153 1866 159 1881 .
206 1829 317 1881 evidente
328 1830 454 1885 sententia,
470 1844 501 1878 ne
512 1831 537 1878 in
547 1831 596 1890 jus,
611 1831 701 1894 inquit,
716 1830 837 1879 trahamur
851 1826 914 1892 apud
927 1840 1078 1890 quemquam

206 1891 377 1956 magistratum.
394 1894 482 1951 Junius.
516 1893 623 1954 Consulem
636 1908 675 1941 essse
691 1898 823 1950 eruorem]
843 1894 909 1939 Nam
925 1889 943 1938 st
960 1886 1078 1943 detulisset

206 1953 239 2006 ad
254 1955 383 2008 Consulem
398 1967 437 2005 aut
453 1961 576 2006 Pratotem
591 1954 628 2004 illi
644 1956 676 2005 ad
691 1961 801 2004 Senatum
814 1950 962 2010 retulissent,
980 1958 1078 2003 Senatus

205 2020 318 2068 Ciceroni
331 2019 464 2071 Proconsuli
475 2017 605 2069 mandasset
616 2031 641 2067 ut
657 2020 809 2083 cognosceret
820 2020 845 2067 bc
863 2014 1076 2073 animadvertereta

208 2083 273 2145 quod
289 2083 338 2147 ipse
356 2083 476 2139 nolebat,
502 2098 531 2132 ne
548 2084 659 2132 homines
679 2086 769 2132 amieos
789 2093 917 2130 aut-notos
933 2076 1074 2129 offenderet.

206 2149 295 2208 Popma.
329 2153 355 2195 ln
372 2148 419 2196 hoc
434 2147 517 2206 sbnfisle
531 2149 567 2203 uel
581 2162 669 2192 numere
679 2146 709 2195 ad
719 2142 911 2199 consuetudinem
922 2157 1020 2199 eorum,
1052 2143 1076 2191 ui

205 2208 232 2263 in
254 2211 340 2257 Senatu
354 2211 433 2275 aliqua
448 2207 478 2257 dc
495 2223 520 2257 re
534 2208 645 2257 volebant
663 2209 761 2263 referri,
778 2207 811 2256 est
827 2205 941 2260 adlusum.
975 2157 1075 2255 consu

204 2271 270 2319 enim
282 2285 322 2320 aut
332 2274 353 2321 ei
364 2306 371 2329 ,
387 2273 429 2338 qui
439 2275 550 2319 Senatum
561 2269 661 2321 habebat
672 2306 680 2328 ,
696 2270 817 2320 dicebant:
833 2271 964 2330 confusave!
973 2285 1075 2325 numere,

203 2333 269 2396 qnod
280 2335 313 2382 esi
323 2333 384 2384 refer
393 2333 423 2388 ad
434 2337 558 2382 Senatum:
577 2348 615 2383 aut
632 2332 730 2388 oliende
744 2350 794 2383 non
810 2333 857 2382 elle
870 2331 1023 2394 frequentem
1035 2336 1075 2381 Se-

202 2409 301 2454 natum,
319 2413 396 2461 neque
407 2394 460 2447 satis
471 2398 560 2446 multos
570 2402 694 2447 Senatores
704 2397 734 2448 ad
744 2394 1074 2446 senatusconsultumsncien·

199 2458 266 2511 dum.
299 2461 377 2510 Fessus
387 2462 525 2525 Pompeius:
542 2468 637 2508 Nemera
646 2463 770 2519 Senatum,
785 2464 819 2507 ait
829 2463 907 2524 quivis
920 2463 1012 2508 Senator
1022 2465 1073 2506 Cess-

195 2523 259 2584 srslr',
274 2542 321 2571 cum
337 2526 484 2590 impedimento
499 2526 551 2573 vult
566 2525 603 2586 ff
614 2538 655 2587 qssr
670 2529 743 2573 minus
754 2524 825 2584 feriat
842 2524 1073 2584 Senatusesnsssltsssn:

194 2588 329 2655 pustulasque
344 2603 369 2636 sst
383 2602 422 2635 aret
431 2604 481 2645 res,
495 2603 539 2652 que
554 2587 701 2646 adferrentur,
723 2589 873 2638 dividantur:
894 2601 934 2635 esst
944 2587 1015 2647 fimi
1025 2603 1073 2633 esre·

192 2651 315 2723 fetantur,
331 2666 369 2700 nur
379 2653 401 2710 β
416 2664 447 2698 tet
459 2668 498 2698 nen
509 2652 561 2711 fiens
580 2653 708 2708 Senatores,
731 2668 772 2715 que
788 2666 873 2697 numere
888 2652 953 2698 liceat
967 2649 1072 2713 prescribi

197 2716 239 2765 st.
255 2718 391 2780 expellentur.
425 2715 545 2764 Hadicnua
555 2715 625 2778 igitur
645 2729 660 2762 a
681 2729 720 2762 me
736 2713 851 2763 curabitur
867 2713 1006 2779 Chaerippus
1023 2747 1030 2768 ,
1045 2725 1071 2762 ut

196 2776 321 2842 nunqnam
340 2793 365 2826 te
381 2777 410 2826 de
425 2793 456 2826 eo
477 2776 617 2833 consulam,
632 2775 741 2827 faeerene
757 2777 822 2840 quod
855 2774 941 2825 ustulat
951 2775 1070 2827 debeam:

198 2856 257 2891 nam
268 2842 298 2891 de
309 2843 389 2889 ceteris
400 2841 460 2890 milri
469 2837 593 2888 consilium
607 2842 662 2888 date
672 2839 750 2896 soles,
772 2843 797 2889 St
812 2839 833 2887 d¹
858 2841 878 2887 is
891 2856 898 2887 a
914 2841 940 2888 in
951 2840 989 2889 his
1001 2840 1072 2903 igitur

201 2953 204 2957 ,
216 2920 250 2952 uae
260 2906 352 2953 nullum
363 2902 482 2953 habebunt
491 2902 677 2957 dubitationem,
694 2904 780 2968 poterit
793 2917 807 2951 a
820 2905 962 2960 metuenti,
978 2901 997 2951 ti
1013 2901 1070 2965 quid

229 2969 295 3017 bium
311 2969 371 3016 mihi
387 2966 519 3023 videbitur,
537 2979 562 3014 ut
578 2965 608 3014 de
624 2979 680 3014 meo
697 2968 751 3030 quis
770 2964 851 3016 officio
869 2969 908 3017 vel
922 2964 992 3015 fauo
1005 2965 1071 3029 queri

230 3030 281 3090 siit,
296 3028 346 3081 liei
357 3031 521 3094 obtemperem
533 3027 623 3094 aliquid
638 3031 747 3092 petenti,
763 3027 916 3094 pernegabo,
934 3044 979 3076 nee
994 3044 1069 3092 quen·

215 3108 270 3144 nem
286 3093 427 3143 consulamr
449 3092 480 3142 de
495 3094 577 3141 ceteris
592 3092 624 3140 ad
638 3091 785 3141 consiliarios
800 3082 894 3142 nostros
915 3092 1071 3155 nostrumque

198 3161 310 3207 Serranam
321 3157 456 3207 referemus.
473 3158 562 3206 Turneb.
585 3153 681 3204 Adrerl.
696 3171 789 3206 xnvrrr.
811 3171 831 3206 c.
844 3172 881 3211 27·
905 3158 1016 3217 consulens
1030 3168 1071 3201 esst

195 3232 311 3283 pretorem.
334 3222 394 3271 Ball.
411 3223 436 3269 δι
453 3218 553 3270 Helmsi.
573 3234 622 3267 non
640 3219 791 3282 agnoscunt,
813 3222 838 3267 &
857 3218 944 3266 metito
958 3219 1071 3268 meliores

200 3282 307 3345 respuunt
318 3283 443 3333 editiones.
465 3284 599 3346 Explicatio
611 3295 691 3331 autem
701 3282 805 3330 Turnebi
817 3282 876 3331 mihi
889 3296 940 3329 non
949 3280 1070 3347 probatur.

200 3346 265 3409 Quin
279 3361 308 3393 ex
329 3346 389 3397 Festi
409 3347 465 3394 loco
485 3347 588 3405 conjicio
608 3346 671 3394 hunt
690 3343 737 3393 elie
753 3342 843 3393 sensum
863 3344 927 3393 iliius
947 3345 1073 3402 neustrie.

198 3410 311 3477 peremne
321 3410 380 3459 mihi
396 3409 533 3473 Chaerippus
548 3408 662 3458 curandus
679 3407 732 3458 esti
748 3407 861 3457 balianus
877 3421 940 3456 certe
955 3408 1015 3457 mibi
1031 3423 1073 3457 cn·

197 3469 284 3537 pandus
294 3469 342 3530 est,
357 3471 469 3538 nequid,
484 3471 575 3523 mande
584 3472 752 3543 supplementis
762 3472 1077 3585 referetut,ptupterilluimhi

188 3550 191 3557 ¹
209 3561 211 3565 ¹
615 3546 617 3551 ’
1014 3549 1040 3586 tu

56 3584 161 3684 ,ἱ
204 3610 207 3615 ,
