2294 3914
188 111 268 195 1458
364 104 901 179 artemonianos

185 223 265 283 nusto
287 221 372 283 mane
392 220 572 298 Pompejum.
619 226 694 277 ²0e0
716 217 806 279 modo
826 230 927 280 autem
950 221 1066 360 amircuht

1032 318 1065 358 ῃ.

179 546 233 612 post
241 547 358 611 professam
370 582 378 605 ,
392 547 420 594 ld
436 545 480 606 est,
494 545 624 602 Feralibus,
645 541 754 594 habeut:
770 544 912 610 &quidem
930 544 1059 595 omneszi
1096 572 1099 609 5

178 608 335 675 repugnantia
345 612 369 659 in
381 608 528 682 temporibus
538 609 605 656 nulla
617 604 666 664 stt,
682 621 733 655 non
751 609 825 657 male.
860 607 956 659 veriam
971 625 1024 684 cum
1037 623 1060 658 ex

177 668 1061 810 {isaurus:sasaidissuasit.sassi:

177 798 560 926 al32‘lll.ffsls²,sllll
583 795 1059 924 -0sl;.i.2‘rss{¹⁰.iml‘,:l¹sl.⁶li

177 926 269 973 litteras
292 923 323 972 ad
340 925 483 974 Ciceronem
503 923 608 975 dederat.
641 929 727 988 ltaque
746 921 867 989 glossema
887 922 994 975 arbitror
1013 923 1057 974 esse

177 991 268 1034 Feralia
279 999 374 1044 tamen,
391 1001 417 1036 ut
427 993 503 1037 Varro
514 990 546 1036 ait
557 986 598 1037 lib.
611 1003 633 1037 v.
650 985 681 1035 de
692 991 744 1035 Lat.
759 986 805 1035 Lin
823 1023 831 1038 .
850 985 881 1037 ab
894 985 985 1037 inseris
995 989 1019 1038 ἃ
1029 987 1058 1036 se·

179 1049 256 1098 rendo
268 1050 332 1101 dida
342 1047 394 1100 sunt
405 1067 412 1098 z
430 1050 497 1116 quod
508 1050 587 1101 serunt
597 1064 649 1099 rum
659 1050 741 1114 epulas
754 1050 785 1099 ad
806 1050 952 1113 epulclrrum
963 1084 971 1108 ,
987 1049 1059 1114 quibus

178 1115 215 1174 jus
226 1113 259 1162 ibi
269 1127 401 1188 parentare.
417 1115 512 1177 mlasp.
545 1119 601 1164 nec
612 1112 697 1170 verba,
713 1115 738 1160 iri
749 1114 794 1174 est,
810 1117 944 1170 feralibus,
960 1114 1062 1162 inomni

179 1174 222 1223 bus
233 1192 294 1227 mers
304 1177 426 1242 leguntur,
444 1181 470 1229 δι
524 1178 677 1226 ocicetonis
689 1174 745 1226 elle.
777 1181 847 1226 Nam
864 1176 884 1224 is
902 1191 935 1224 cx
951 1175 1016 1225 sasiis
1026 1191 1061 1226 re·

179 1253 258 1288 terum
269 1240 412 1290 Pontificum
429 1244 487 1290 Feta
499 1242 521 1288 'a
533 1240 611 1289 retulit
629 1240 655 1287 in
669 1239 784 1288 osterum
799 1238 927 1291 Kalendas
946 1240 1060 1297 Martias,

178 1317 229 1367 quo
240 1302 280 1353 die
290 1303 393 1352 Canusio
410 1300 506 1353 decessit
521 1303 667 1366 Pompeius,
688 1315 713 1350 ut
734 1302 800 1351 idem
818 1301 953 1351 confirmat
970 1301 1061 1367 epistola

195 1367 254 1415 rima
265 1366 319 1416 libri
330 1365 456 1431 sequentis.
490 1370 523 1415 At
540 1363 640 1416 Ovidius
658 1365 684 1413 δι
700 1364 741 1413 alii
756 1364 901 1429 posteriores
913 1366 978 1415 alios
988 1364 1061 1415 Fasios

176 1382 288 1494 icquuti,
304 1445 391 1495 nempe
406 1444 448 1485 cns
464 1431 505 1492 qni
521 1434 578 1480 ac.
590 1427 682 1477 Caesare
698 1431 724 1478 δι
741 1427 849 1494 Augusto
864 1427 951 1493 postea
969 1429 1061 1478 comedi

177 1493 292 1551 fuerunt,
308 1509 363 1542 cum
375 1493 441 1542 diem
456 1491 542 1543 fesium
553 1490 632 1543 triduo
649 1504 706 1541 ante
726 1493 849 1543 collocant
862 1509 871 1549 3
888 1494 913 1541 ei
927 1493 994 1541 enim
1012 1489 1062 1541 asli·
1097 1522 1099 1527 ·

177 1571 253 1621 gnant
269 1556 423 1607 undecimum
445 1556 563 1605 Kalendas
579 1555 689 1606 Martias.
722 1555 759 1604 sic
780 1555 901 1605 satiatum
924 1557 1061 1620 reperiasin

178 1619 370 1678 Terminalibus,
411 1633 445 1668 ua
463 1618 564 1668 Ovidius
584 1617 692 1668 adscribit
714 1633 783 1667 nono
803 1616 929 1668 Kalendas
948 1621 1059 1678 Martias,

176 1688 251 1732 varro
264 1680 374 1747 septimo.
391 1635 423 1731 ic
434 1680 538 1746 denique
547 1684 574 1730 in
586 1679 726 1738 vinalibus,
741 1696 793 1748 qua
804 1696 818 1730 a
830 1687 943 1731 varrone
959 1681 1060 1732 refertu-

176 1759 214 1794 tur
228 1748 253 1795 in
264 1745 434 1796 duodecimum
445 1744 566 1794 Kalendas
577 1742 738 1810 Septembris,
755 1743 850 1794 aresto
861 1760 922 1794 vero
933 1747 960 1794 δι
979 1744 1011 1794 ab
1025 1760 1060 1794 au·
1094 1754 1099 1793 l

174 1809 242 1858 &ore
252 1809 391 1858 Kalendarii
402 1809 539 1857 Manutiani
549 1808 574 1856 in
585 1808 707 1856 decimum
718 1820 839 1871 quartum.
871 1809 958 1867 Baſsus.
1095 1798 1099 1895 i

154 1924 157 1929 Δ
208 1888 243 1926 19.
262 1873 395 1931 feralibus]
408 1877 467 1933 Qua
480 1871 686 1921 sacracrantDiis
700 1871 814 1921 Manibus
830 1872 950 1921 &Mutae
965 1871 1059 1920 vel’ra·
1097 1918 1099 1923 .

174 1935 225 1983 ritae
236 1938 300 1984 Deae.
335 1934 407 1985 ovid.
420 1950 452 1985 11.
475 1933 536 1985 Fast.
552 1933 656 1994 riszam
685 1937 729 1985 Me
743 1934 798 1984 vide
815 1933 846 1982 ad
865 1935 921 1986 Liv.
938 1933 1057 1986 lib.xxrr.

172 2012 254 2063 capp.
290 2000 456 2059 J.F.Grouov.

205 2078 243 2112 20.
261 2068 294 2110 Eo
309 2065 370 2110 modo
390 2077 462 2111 autem
481 2062 578 2109 ambulat
594 2064 660 2125 Cesar
675 2097 683 2119 ,
700 2062 727 2114 (a
742 2065 771 2110 iis
786 2063 903 2120 diariirs]
932 2065 973 2111 Ita
993 2063 1055 2113 enim

170 2122 302 2189 scripsimus
314 2161 321 2183 ,
337 2141 392 2174 cum
404 2125 461 2175 ante
473 2125 577 2189 impressi
587 2129 622 2173 bis
632 2127 697 2172 disiis
708 2126 829 2174 haberent.
862 2123 915 2173 Alii
927 2126 1054 2190 corrigunt,

170 2191 205 2235 sis
216 2194 304 2237 triariis
315 2207 324 2235 .-
341 2189 407 2254 quod
418 2205 470 2238 nnn
482 2188 566 2252 probo.
602 2187 672 2237 uidfi
691 2192 725 2235 hir
739 2191 852 2252 congiariis
867 2189 957 2252 legas?
982 2190 1056 2237 omni·

169 2265 205 2298 no
216 2250 271 2315 (nifi
283 2251 401 2315 fallimur)
420 2255 486 2300 locus
498 2205 634 2302 mendcius.
652 2254 742 2299 Diariis
754 2264 834 2301 autem
847 2249 890 2300 scri
909 2250 999 2309 simus,
1011 2268 1055 2300 non

169 2312 237 2377 qubd
251 2330 279 2362 ea
290 2314 393 2363 scaione
405 2314 569 2364 delestemut:
588 2313 627 2364 sed
644 2317 669 2363 in
685 2315 757 2362 tantis
772 2313 874 2363 tenebris
891 2332 905 2363 a
920 2314 978 2364 luce
995 2329 1055 2364 vete·

168 2391 221 2424 tum
233 2378 342 2426 codicum
353 2377 479 2426 deflestete
491 2379 622 2426 timuimus.
640 2376 745 2440 jussimus
756 2391 835 2427 autem
846 2377 877 2426 ad
893 2379 962 2426 hunc
977 2381 1053 2427 locum

167 2436 285 2487 sidlulam
297 2441 375 2503 poni:
398 2456 449 2505 quae
468 2439 532 2489 infra
548 2439 621 2489 tribus
637 2439 737 2490 versibus
755 2438 892 2505 importune
928 2440 993 2491 osita
1007 2442 1052 2491 esi:

167 2502 228 2550 nihil
238 2504 305 2551 enim
316 2504 399 2553 mendi
411 2504 443 2553 est
455 2507 522 2552 ineo
533 2502 613 2562 versu,
647 2519 705 2568 rope
715 2519 787 2567 quem
798 2501 900 2569 positae
929 2521 936 2552 ε
956 2509 983 2556 &
1000 2505 1053 2562 hic,

167 2562 207 2613 ubi
225 2565 355 2616 ‘necess'aria
372 2567 465 2631 (nostro
483 2566 582 2630 judicio)
609 2520 665 2625 ed,
687 2566 757 2618 deest.
794 2570 909 2617 Vt'siorius.
947 2573 1052 2626 mariis]

165 2628 307 2680 Bessarionis
320 2631 379 2680 liber
402 2634 427 2680 δι
445 2631 486 2678 alii
504 2630 552 2679 duo
569 2644 679 2688 veteres,
694 2633 787 2687 Dislir,
804 2630 843 2680 sed
858 2630 950 2696 frigide
967 2633 1050 2688 nimis,

164 2705 190 2750 ut
202 2694 262 2741 mihi
274 2695 372 2746 videtur.
405 2697 507 2754 Diaria,
524 2692 541 2742 sr
559 2694 637 2759 legis,
657 2708 701 2759 pro
718 2694 781 2756 visin
796 2694 945 2758 quotidiano
967 2698 1015 2745 acci
1043 2729 1050 2744 .

163 2758 296 2815 Martialis,
312 2759 432 2809 Horatius.
452 2762 513 2815 Aut,
529 2757 648 2814 fimavis,
665 2760 818 2822 interpretare
828 2757 949 2821 stipendia
967 2763 994 2808 in
1026 2775 1051 2806 n·

163 2818 233 2891 gulos
246 2820 296 2868 dies
307 2822 421 2871 militibus
432 2837 476 2887 pro
493 2819 570 2878 olita,
594 2819 696 2884 siquim
713 2822 835 2870 celerrime
850 2822 897 2870 iter
908 2821 941 2869 ad
956 2827 1053 2889 Pompe·

162 2896 213 2941 pum
224 2885 369 2933 conficerent
383 2902 391 2931 .·
408 2898 433 2934 ut
445 2884 463 2933 fi
475 2837 573 2950 dagulis
585 2883 667 2934 diebus
682 2883 828 2934 menstruum
844 2883 872 2933 sii
891 2886 1013 2943 endium,
1028 2883 1051 2932 id

162 2944 210 3003 est,
226 2962 283 2996 xxx.
297 2948 421 3005 denarios,
439 2949 598 3012 polliceretur.
631 2949 657 2998 ἃ
672 2946 727 2996 sane
742 2947 854 2997 ufitatum
873 2900 921 2997 doc
940 2965 1011 3005 enat,
1027 2962 1051 2997 ut

162 3005 233 3056 duces
244 3011 458 3074 pollicitationibus
475 3010 505 3060 ad
523 3012 612 3061 milites
629 3023 767 3068 urerentur,
785 3009 824 3059 ubi
842 3009 944 3061 difficile
963 3010 1052 3076 aliquid

162 3070 274 3136 consequi
292 3075 403 3132 vellent,
419 3075 494 3124 visius
511 3091 568 3124 vcro
604 3073 739 3123 untidianus
759 3088 837 3138 neque
852 3089 975 3139 magnum
995 3090 1052 3141 pra·

164 3135 241 3182 mium
266 3136 319 3195 est,
346 3139 389 3194 dt,
414 3137 432 3186 sr
453 3137 573 3187 liberalior
601 3151 645 3194 rt,
672 3139 745 3187 etiam
770 3135 870 3202 impedit
891 3140 1048 3191 celeritatem.

166 3200 194 3243 P.
207 3201 294 3249 Manus.
329 3205 404 3248 Disiis
420 3205 519 3249 militum
534 3205 691 3260 celeritatem]
705 3206 762 3253 Haec
778 3200 811 3249 est
821 3201 895 3250 lessio
907 3203 963 3254 mff.
975 3201 1052 3259 Boii,

168 3258 212 3323 qui
221 3272 302 3310 tamen
312 3263 443 3314 videndum
453 3265 509 3315 dicit
523 3279 553 3313 an
566 3265 652 3314 Cicero
662 3263 743 3321 scansio
753 3261 880 3329 scripserit,
896 3280 922 3314 ut
934 3266 1053 3330 quemad·

168 3320 269 3372 modum
281 3325 344 3374 idem
356 3326 452 3392 scriptor
462 3330 511 3378 alio
522 3329 578 3377 loco
590 3328 665 3384 dixit,
678 3326 774 3388 furcillis
788 3331 899 3375 extrudere
911 3364 919 3386 ‚
937 3334 1051 3382 Horatiis

164 3387 232 3445 fures
243 3391 357 3450 expellere,
374 3394 399 3440 ὃ(
412 3392 580 3456 Aristophanes
590 3390 671 3454 δικροῖς
687 3390 756 3440 alseio·
777 3389 809 3439 fic
819 3393 893 3440 etiam
904 3396 990 3455 δικροῖς
1001 3398 1056 3443 inci·

166 3466 227 3511 sere,
242 3451 290 3502 hoe
301 3451 358 3502 loco
369 3453 462 3507 dixerit.
477 3453 618 3507 Belsarioois
628 3452 688 3506 libet
703 3456 730 3506 δι
740 3453 959 3519 alienatores,
976 3460 1055 3573 diliges

1028 3536 1040 3571 c
