2294 3914
376 90 467 186 itaq
525 105 546 127 '·
583 80 1065 189 stipendiariae

379 222 474 271 nuum
490 208 544 271 else
558 210 680 281 diceret,-
699 212 748 271 has
768 211 795 270 ei
813 210 915 271 litteras
936 210 1025 279 dedi3
1047 209 1147 289 quibu

379 288 516 365 rescripsi,
536 306 603 377 quas
616 302 780 367 acceperam
794 287 811 346 a
825 288 903 346 Bruti
916 289 1065 346 tabellario.
1106 292 1138 348 &

381 364 456 425 debo'
488 368 591 425 rlmum
604 366 753 441 postremae
766 376 824 422 tuae
838 367 964 443 paginae,
984 372 1048 442 quae
1064 367 1137 425 mihi

381 384 516 501 moleldae
537 443 612 509 suit}
640 440 719 519 qnod
734 442 776 512 ¹ad
794 454 824 501 te
845 440 894 521 scri
913 454 989 517 tum.
1003 441 1040 498 est
1061 442 1077 502 a
1101 443 1147 501 Ci

379 518 459 577 Statii
472 520 615 577 sermone:
636 520 666 578 in
679 534 738 595 quo
752 518 809 576 hoc
823 518 1042 577 molestifflmum
1057 518 1097 577 cll
1113 534 1123 590 ,·

378 592 489 666 dicere,
509 594 563 653 7⁶31
579 612 626 654 me
640 603 756 673 quoque
775 592 804 653 id
825 594 972 653 confilium
992 592 1112 671 pro'bari'.

378 672 495 753 autern?
515 671 550 731 de
564 668 615 731 islo
628 673 768 731 haclenus.
807 671 924 730 dixerim
940 690 989 731 mc
1003 673 1048 730 vel
1061 672 1134 751 plur'

231 751 359 831 &apg-pt,
378 747 421 805 cla
440 760 536 809 tecum
557 748 676 807 summae
697 746 902 825 conjunctionis
930 750 1049 825 optare:
1083 762 1144 809 met

231 838 307 895 nala·
319 828 481 890 meandris
495 826 662 886 arctiffima:
681 838 791 885 tantum
812 826 910 896 abest,
935 839 968 901 ut
988 844 1042 902 ego
1065 846 1101 885 ex
1124 846 1141 886 e

244 930 271 979 ῃ,
288 932 339 978 10
379 902 599 974 alumnatus,
617 903 701 962 la'xa'ri
715 901 819 980 aliquid
833 903 928 973 velim.
952 903 1030 964 illum
1053 912 1120 963 atite

377 978 414 1039 de
427 980 480 1040 istis
494 982 574 1040 tob‘ur
588 979 703 1057 asperius
716 978 803 1039 so'lere
814 979 912 1057 lriq'ui,
932 981 1004 1056 saepe
1026 980 1087 1039 illm
1112 1001 1147 1041 es

373 1056 448 1133 saepe
463 1057 548 1118 etiam
560 1058 647 1116 lenivi
659 1060 770 1117 iratum.
808 1056 837 1135 id
857 1056 925 1116 scire
944 1070 974 1115 te
993 1059 1120 1118 arbitror,

376 1148 473 1194 autem
488 1136 732 1212 peregrinatione3
752 1134 886 1193 militiave
906 1134 997 1194 no'llra
1016 1134 1090 1211 saep'e
1113 1136 1144 1197 iri

377 1212 512 1282 invidi,
539 1212 611 1287 saepe
631 1212 778 1287 placaturi.
817 1211 885 1287 quid
904 1213 940 1270 ad
960 1210 1079 1271 Statium
1101 1213 1143 1273 scr

229 1324 254 1337 ι.
276 1332 280 1339 .
309 1332 312 1338 -
376 1288 481 1348 nescio.
500 1289 635 1365 quidquid
648 1289 756 1348 acturus
770 1286 911 1369 del-talire
924 1290 1000 1359 fuit,·
1019 1289 1147 1351 scriben·

376 1384 445 1425 men
459 1366 494 1425 ad
507 1367 635 1425 libertum
651 1384 709 1425 non
724 1360 786 1424 suit.
805 1364 878 1423 mihi
888 1370 983 1423 autem
999 1368 1051 1425 crit
1065 1371 1145 1428 maxi

374 1461 432 1514 rae,
450 1443 556 1521 nequid
569 1442 616 1502 flat
629 1444 721 1513 secus,
762 1440 828 1501 uim
842 1442 989 1515 volumus,
1009 1442 1141 1523 qu'amqu

371 1522 422 1580 tet.
461 1520 587 1579 nec-satis
601 1520 681 1578 estin
695 1520 720 1594 ej
753 1509 831 1577 modi
847 1536 893 1588 re;
913 1519 945 1577 se·
954 1524 1101 1597 quemque
1115 1528 1141 1599 ‘p

374 1616 407 1656 ac
423 1595 547 1656 maxime
560 1610 648 1673 partes
661 1596 733 1655 istius
747 1597 833 1655 o’fficii
845 1596 908 1654 sunt
921 1599 998 1671 pueri
1011 1598 1139 1657 Ciccion

370 1673 645 1750 jamadolcsc'entis:
665 1672 756 1749 quod¹
777 1672 872 1733 'uidem
888 1674 966 1731 illum
986 1673 1065 1732 soleo
1087 1677 1130 1734 ho

372 1752 445 1837 milri
458 1750 567 1809 videtur
581 1754 699 1809 matrem
713 1691 796 1807 valde
811 1764 820 1819 ,²
832 1802 835 1809 .
848 1760 880 1807 ut
901 1750 983 1808 debet
998 1764 1007 1820 ,·
1027 1768 1127 1811 amare

371 1824 496 1887 mirifici.
534 1826 581 1886 sed
595 1826 634 1887 est
655 1839 789 1902 magnum
808 1824 876 1885 illud
894 1827 1033 1903 quidem,
1054 1846 1128 1889 veru
1145 1858 1147 1881 ι

371 1905 517 1981 multiplex
530 1907 609 1981 pueri
622 1906 765 1980 ingenium
782 1923 790 1962 r
811 1922 869 1980 quo
884 1922 938 1983 ego
953 1904 1079 1980 regendo
1095 1908 1145 1966 ha

371 1985 442 2061 gorii
461 1980 528 2041 satis.
567 1977 712 2058 Quoniam
740 1974 868 2057 respondi
887 1981 1035 2056 postrem'ae
1054 1986 1116 2041 tua'e

374 2058 463 2137 primi
477 2056 558 2128 med,
578 2077 653 2117 nunc
666 2058 701 2121 ad
716 2060 835 2134 primam
851 2069 970 2116 revertar
983 2070 1070 2133 tuam.
1112 2060 1147 2121 1²÷

373 2134 460 2195 helias
474 2136 597 2193 civitates
611 2153 711 2194 omnes
725 2135 874 2193 maritimas
889 2133 942 2193 effe
957 2179 967 2205 ,
986 2136 1113 2195 hominis

372 2230 476 2288 quam,
493 2210 637 2269 sedetiam
652 2224 702 2269 tuo
712 2210 821 2286 judicio
834 2212 958 2287 probati,
979 2212 1142 2273 Dicaearchi

373 2288 486 2350 credidi.
523 2289 546 2345 is
559 2288 651 2346 multis
664 2288 824 2347 nominibus
837 2299 867 2342 77
876 2289 905 2347 in
921 2290 1130 2365 Trophoniana

371 2578 429 2629 lone
439 2574 501 2643 apud
510 2575 616 2626 Bovillas
626 2572 695 2626 casua
708 2574 751 2627 eli
782 2576 931 2627 Le'ullriram
946 2582 987 2627 eur
1000 2592 1092 2639 vocet,
1108 2582 1144 2633 mi

371 2646 432 2691 tum.
449 2640 493 2690 nlfi
503 2638 579 2696 sorte,
594 2643 650 2703 quia
660 2638 824 2690 memorabilis
834 2640 849 2689 *e
860 2640 1021 2699 Clodiinece,
1036 2658 1062 2692 ut
1074 2646 1119 2695 illa
1129 2646 1145 2697 ‘e

370 2718 473 2761 norum.
489 2702 747 2767 &Cleombrotireg'is
757 2702 882 2753 occisione.
916 2710 942 2753 P.
949 2710 1037 2754 lusanae.

403 2775 441 2824 76.
458 2768 487 2813 Id
495 2767 605 2825 confilium
611 2768 705 2829 probari.
737 2772 774 2813 De
789 2766 829 2825 isto
843 2781 932 2824 autem,
949 2771 1006 2826 dyc]
1035 2772 1083 2819 Hic
1098 2772 1125 2819 lo

370 2832 440 2881 cortu
456 2843 494 2879 tus
526 2842 583 2879 erat.
630 2834 684 2879 Nos
715 2843 762 2892 ope
793 2829 933 2894 antiquioris
959 2831 1031 2881 nostri
1069 2834 1141 2884 codic

369 2844 563 2945 emendavimus:
579 2892 613 2942 cll
625 2906 704 2941 autern
715 2892 871 2959 ἀποσιώιρσις
883 2894 954 2957 plena
970 2894 1147 2959 indignationi

367 2957 456 3009 machi.
490 2956 602 3005 Audierat
613 2956 750 3011 Atticus,ut
765 2968 837 3019 puto,
852 2963 886 3022 Q
896 2959 1038 3007 Ciceronem
1054 2958 1087 3009 de
1103 2979 1142 3011 re·

370 3036 446 3071 uxore
456 3019 574 3093 cogitare,
591 3035 643 3085 quae
652 3018 696 3083 ipli
707 3015 772 3067 soror
783 3032 845 3067 erat:
862 3021 1006 3083 Cinciusque
1017 3019 1140 3101 scripserat

372 3086 474 3134 Statium
483 3082 595 3132 libertum
609 3089 640 3145 Q.
658 3082 782 3131 Ciccronis
797 3081 874 3132 dicere
885 3082 909 3131 id
926 3082 1051 3135 consilium
1068 3104 1083 3135 a
1099 3094 1139 3141 M.

370 3163 402 3197 ne
410 3146 519 3257 Ξῐοδεάι
534 3144 564 3193 de
575 3144 624 3209 quo
634 3161 698 3195 nunc
707 3143 730 3193 se
737 3148 831 3217 purgat.
865 3149 935 3196 Circa
945 3146 1019 3197 finem
1029 3146 1147 3212 sequent·

369 3210 399 3267 1,ae
427 3208 536 3259 eeadem
546 3224 571 3257 te
580 3210 667 3259 iterum
675 3210 789 3273 loquitur.
822 3214 884 3258 Item
895 3212 966 3259 tertio
976 3211 1001 3258 in
1018 3210 1143 3266 eodemlr

370 3272 408 3323 his
429 3270 522 3322 verbis:
540 3276 607 3320 Cicero
629 3276 752 3340 QFr'liur
766 3272 803 3335 pie*
817 3273 894 3333 fiand,
915 3292 948 3320 me
969 3277 1058 3337 quidem
1078 3280 1136 3327 ceree*

370 3337 484 3447 horama,
506 3336 546 3397 fed
560 3350 671 3396 currente,
690 3339 789 3385 maurum
800 3341 872 3399 patris
886 3337 926 3399 firi
939 3337 1011 3399 ,sorori
1029 3353 1070 3389 tua
1088 3359 1134 3390 rece

371 3399 401 3453 vi
425 3413 462 3447 or.

403 3477 443 3526 77.
459 3464 487 3515 la
499 3464 647 3529 Trophoniana
661 3466 915 3540 [interimuntque]
925 3471 984 3526 Ant.
995 3464 1143 3531 nunninus
