2294 3914
156 141 353 206 Enrsr.
396 157 467 204 no
509 137 807 205 Anticum.
869 158 952 227 ¹039

65 264 157 338 eriget
170 256 369 333 rempublicam
385 288 394 325 ,ι
414 254 579 329 praedarum
593 250 781 329 speuacuum
802 253 873 312 milri
885 274 952 392 Kro-

70 355 171 416 pono,
190 334 280 395 modo
302 345 331 392 te
353 329 508 393 consellore
528 327 649 407 spectare
669 327 760 391 liceat
799 328 875 391 Cum
909 350 977 397 aee.
1026 348 1031 361 ·

68 411 197 476 maxime
215 410 383 479 scriberem,
409 426 477 467 ecce
497 407 548 467 tibi
569 404 692 467 Sebosus.
718 408 850 489 nondum
870 409 953 485 plane

67 496 289 568 ingemueram3
308 487 405 557 salve,
424 485 514 562 inquit
532 484 637 545 Anius.
662 485 720 545 hoc
742 485 780 547 est
794 486 891 553 Roma
905 486 955 547 de·

67 570 172 629 cedere
188 566 211 702 ἓὸ
220 583 292 643 quos
305 583 360 641 ego
373 565 504 623 homines
518 559 604 638 effugi
619 605 628 633 ,
648 558 714 620 cium
727 563 758 622 in
771 565 824 624 lios
845 560 954 625 incidi?

69 665 87 706 e
108 662 190 705 over

88 664 106 722 g
153 731 209 778 91η
225 736 324 779 montes
331 719 431 796 patrios
447 761 457 790 ,
474 734 509 782 ct·
523 716 553 776 in
567 714 728 775 incunabula
743 715 830 792 nostra

156 808 207 855 Per
222 817 278 854 am.

74 819 222 952 Deniqueg
238 871 259 931 ii
278 871 349 932 solus
370 890 431 931 non
452 883 600 946 potuero,
626 887 692 929 cum
718 869 820 929 rusticis
847 866 957 948 potiusa

55 968 58 973 ·
75 952 170 1031 quarn-
180 968 248 1008 cum
261 950 303 1008 his
315 948 473 1024 perurbanis
489 967 496 1005 ι
516 949 555 1007 ita
566 960 663 1005 tamen
678 990 687 1017 ,
705 958 755 1017 ut,
773 951 908 1024 quoniam
922 964 956 1009 tu

76 1030 148 1089 certi
161 1027 231 1087 nihil
243 1024 350 1094 scribis,
369 1025 399 1082 in
420 1023 572 1083 Formiano
586 1024 691 1083 ⁸¹0tibi
710 1022 847 1099 praestoler
867 1028 973 1104 usques
988 1035 1083 1085 staria.-

77 1101 350 1175 ad111.non.Maj.
371 1101 514 1159 Terentiae
534 1111 658 1178 pergrata
678 1101 717 1159 est
734 1099 867 1161 alliduitas
886 1099 973 1174 tua,2
993 1100 1047 1151 MS.
1062 1099 1107 1149 ⁶²³²

81 1185 113 1242 ὅ(
126 1179 270 1256 diligentia
286 1190 309 1219 ¹¹
320 1179 349 1236 in
369 1177 555 1238 controverfia
574 1177 737 1247 Muluiana;
758 1178 844 1238 nescit
857 1172 993 1240 omni-³⁶·

916 1276 958 1319 uo

116 1476 139 1515 9.
155 1463 182 1505 In
191 1467 268 1504 montes
275 1458 371 1520 patrios,
386 1449 593 1508 &adtumulata
608 1454 698 1514 nostru]
724 1450 763 1504 nd
779 1460 875 1507 montet
889 1452 961 1523 Arpi·

86 1536 168 1583 natea,
185 1523 210 1570 &
221 1517 317 1585 quidem
327 1517 434 1583 asperos,
450 1533 487 1582 ep.
497 1535 532 1568 11.
553 1519 621 1579 hujus
634 1517 707 1576 libri,
726 1519 767 1568 ubi
781 1534 847 1569 onus
862 1523 888 1569 δι
904 1536 962 1587 pro-

85 1600 177 1635 creatus
188 1582 246 1633 sum.
262 1584 303 1633 lib.
312 1599 342 1634 11.
365 1581 395 1630 de
410 1583 457 1645 leg.
481 1585 568 1633 Corrad.
601 1584 659 1634 Aul.
676 1582 818 1648 Augustinus
837 1597 903 1649 purat
915 1580 963 1635 ell'e

88 1644 226 1699 versum'ex
241 1647 323 1711 aliquo
334 1647 408 1710 po'e'ta
419 1642 547 1709 sumptum.
577 1646 653 1705 vrfin.

122 1729 160 1762 ιο.
174 1712 226 1761 Tibi
239 1710 363 1774 prestolen]
380 1713 435 1757 Nos
444 1708 611 1757 auctoritatem
621 1708 692 1757 lec'uti
702 1705 776 1757 nostri
787 1709 879 1775 antiqui
895 1709 965 1761 codi·

88 1776 143 1833 cis,
170 1775 222 1823 Tibi
236 1773 338 1834 praestoler
352 1768 490 1835 scripfimus.
515 1773 541 1820 in
561 1786 611 1836 quo
629 1786 659 1820 ne
674 1773 727 1835 quis
741 1785 787 1820 nos
808 1772 965 1839 teprehendat'

88 1837 170 1902 (quod
184 1835 256 1886 hodie
271 1851 326 1886 cnm
341 1832 463 1884 accusandi
479 1833 532 1884 casu
547 1834 691 1884 construatur
706 1835 752 1884 hoc
768 1835 876 1901 verbum)
895 1838 966 1889 verba

88 1903 144 1951 AElii
166 1901 259 1951 Donati
280 1898 436 1949 adducemus:
453 1900 494 1962 qui
513 1899 611 1947 miratur
631 1901 770 1948 Terentium
784 1898 811 1947 in
833 1899 965 1959 Eunuchof

89 1967 166 2028 Qem
174 1963 293 2028 prestolare
303 1957 393 2010 dinill'e.
411 1959 462 2009 sunt
474 1973 554 2009 autem
564 1959 613 2009 haec
625 1977 632 2008 ς
648 1968 723 2018 Nove,
737 1978 776 2007 non
788 1965 824 2009 cui
832 1963 964 2026 prestolare,

83 2029 128 2090 sed
144 2043 208 2090 quem
221 2029 287 2074 dixit.
304 2027 372 2074 aliter
383 2025 490 2081 TulliuS,
506 2026 557 2084 Qu·
566 2024 608 2071 tili
616 2025 645 2070 ad
656 2024 732 2083 forum
745 2026 870 2072 „Aurelium
880 2026 967 2088 prosto·

89 2093 184 2141 tantur.
219 2086 340 2150 Pr'astolari
354 2086 383 2146 est
400 2087 472 2151 prosto
489 2086 544 2149 effe,
569 2087 596 2138 ὑ
609 2099 704 2149 parcre:
730 2087 777 2135 hoc
800 2085 854 2145 est,
875 2089 966 2153 obsequia

92 2157 157 2202 Non
167 2152 232 2201 male
242 2155 311 2218 igitur
320 2151 419 2200 fecimus
430 2187 438 2209 ,
454 2148 521 2215 quod
531 2148 604 2198 veteri
613 2149 745 2215 exemplari
754 2146 829 2199 fidem
838 2147 968 2212 habentes,

92 2213 235 2265 consuetam
245 2216 357 2265 Ciceroni
371 2216 518 2267 locutionem
530 2211 678 2264 restituimus.
712 2210 785 2277 Qiod
801 2226 881 2263 autem
896 2216 970 2281 paulo

93 2278 175 2335 infra,
191 2280 315 2326 Publicanis
326 2280 401 2340 pendis
414 2297 422 2324 .·
446 2293 531 2328 omnes
546 2291 608 2340 quos
626 2275 730 2326 vidimus
744 2275 908 2344 manuscripti,
925 2283 972 2328 Pu·

92 2342 188 2389 blicanos
205 2344 305 2389 halent:
327 2340 393 2403 quod
410 2343 483 2390 etiam
501 2341 616 2390 Germani
636 2341 788 2392 adnotarunt.
822 2345 876 2392 Nos
894 2352 972 2409 quan·

94 2419 171 2469 quarn
181 2418 300 2470 receptum
310 2403 439 2452 lectionem
450 2401 607 2453 securisumus
618 2437 625 2460 ‚
642 2417 746 2457 veterem
760 2412 845 2455 tameo
859 2404 971 2457 testatam

94 2469 227 2533 relinquere
238 2467 363 2518 voluimus.
392 2470 506 2516 Vic'loriuo
961 2497 965 2506 ·

129 2541 166 2581 11.
184 2538 208 2578 In
218 2531 357 2589 controverfia
367 2534 507 2589 Muluiana]
520 2525 625 2578 Fortasse
635 2542 649 2577 a
660 2543 734 2594 ponte
750 2530 846 2583 Mulvio
858 2566 866 2588 ‚
883 2547 920 2598 ep.
932 2549 971 2589 33.

93 2592 139 2643 ltu.
150 2608 214 2642 1111.
230 2596 268 2643 vel
281 2594 396 2651 milvina,
411 2607 436 2642 ut
448 2608 514 2656 ep.2.
532 2592 571 2642 lib.
580 2608 598 2641 1.
624 2593 654 2640 ad
664 2599 696 2657 Q,
707 2592 761 2645 frat.
785 2598 871 2646 carrad.
904 2596 973 2647 mnis

94 2659 149 2706 vius
158 2656 197 2705 hic
208 2657 313 2723 publicos
324 2671 393 2722 agros
403 2652 579 2721 possessoribus,
595 2657 636 2718 qui
647 2657 748 2720 vectigal
759 2673 809 2706 non
819 2656 970 2722 pendebant,

97 2719 205 2769 adimere
216 2720 358 2774 conabatur,
375 2732 399 2767 ur
410 2735 452 2768 eos
463 2721 488 2767 in
515 2731 655 2782 ductuum,
669 2733 708 2767 aut
725 2719 754 2769 ad
769 2735 862 2785 cerrum
876 2736 972 2788 tempto

97 2784 152 2833 altis
162 2783 266 2836 locaret,
283 2798 309 2830 ea
321 2784 386 2848 lege,
403 2797 427 2831 ut
438 2733 531 2831 tamdiu
540 2795 584 2846 pro
593 2782 621 2829 iis
633 2782 734 2847 vestigal
750 2783 880 2849 penderent
896 2800 971 2851 quarn

97 2845 140 2897 diu
160 2861 203 2893 eos
224 2843 374 2910 poffidereut.
396 2862 426 2894 ex
446 2847 475 2895 iis
490 2861 504 2894 a
522 2845 552 2893 ris
573 2845 665 2893 Atticus
687 2848 712 2895 δι
729 2849 841 2899 Terentia
862 2848 972 2913 quaedattl

97 2907 186 2975 ptaedia
195 2907 351 2971 possidebant.
368 2909 423 2958 ideo
434 2922 485 2958 ram
505 2922 619 2973 unquam
629 2909 744 2958 Terenriae
759 2913 858 2961 nomine
869 2909 973 2963 caulium

97 2974 209 3021 omnium
238 2969 375 3021 offellorurn
392 2974 484 3021 Atticus
498 2970 641 3020 defendebat
655 3005 663 3028 ,
679 2971 829 3038 negabatque
844 2989 886 3022 eos
902 2988 916 3022 a
934 2990 974 3023 roo

116 2988 264 3085 oss'elsorigns
277 3033 361 3084 auferri
370 3033 531 3098 posse,dumi
548 3033 566 3083 fi
576 3034 705 3100 penderent
715 3035 826 3100 vestignl.
843 3051 893 3099 quo
955 3053 973 3087 o

126 3099 220 3149 rebatur
230 3114 271 3148 eos
282 3113 352 3161 agros
368 3098 494 3163 vestigales
514 3051 567 3148 elge.
600 3100 676 3148 Attici
695 3098 736 3146 dili
755 3102 845 3149 entiam
870 3100 895 3149 dt
917 3096 972 3150 affi—
1007 3134 1010 3139 -

10 3170 13 3179 '
99 3158 219 3212 diritatem
235 3164 261 3211 in
271 3160 400 3210 retinendis
416 3163 476 3225 agris
487 3163 598 3211 Terentia
608 3163 678 3213 valde
698 3114 831 3224 ptoffiaban
864 3160 974 3219 roseliio·

10 3235 20 3281 ζ
99 3243 157 3276 nem
170 3226 293 3289 vellignlis
304 3223 424 3289 pendendi
436 3239 486 3272 non
514 3223 624 3274 tobabnt:
641 3225 729 3289 quippe
739 3241 791 3288 que
801 3241 834 3275 no
854 3238 878 3274 et
887 3241 919 3277 eo
926 3242 974 3277 no-

10 3290 24 3323 ²
100 3292 166 3340 mine
178 3289 309 3353 quicquam
319 3287 428 3351 pendere.
447 3300 471 3335 at
481 3241 522 3335 ille
554 3287 661 3336 rudenter
677 3287 883 3355 cogitabatngroi
898 3290 973 3342 veul-

10 3353 30 3413 ἓ·
118 3354 165 3403 ales
176 3353 224 3402 alia
234 3353 327 3400 ratione
337 3353 433 3400 retineri
441 3365 493 3398 non
505 3302 589 3415 polle,
610 3349 654 3399 nili
670 3349 687 3398 si
708 3352 809 3419 redigal
821 3351 971 3417 penderetur.

10 3416 33 3451 ³
98 3368 160 3467 gano
171 3416 250 3467 Attici
259 3416 426 3481 exceptionem
436 3410 564 3483 confirmat
578 3414 671 3464 Paullus
681 3412 855 3477 jurisconsultus
869 3414 910 3469 lib.
917 3430 972 3467 xxia

10 3480 37 3519 ὓ
99 3474 326 3555 ιόςᾴἰᾷιμμμςνί
340 3483 482 3551 civitatium,
498 3478 591 3551 inquit,
606 3480 651 3530 alii
665 3479 779 3545 vecligales
792 3493 914 3555 vocemur,
930 3474 975 3551 alil

190 3560 197 3568 ’
928 3556 977 3593 mm
