2294 3914
156 106 351 191 better
391 142 463 190 nn
505 125 807 195 Articuli.
855 118 932 220 ¹35¹

55 238 250 300 incommodo
271 238 427 298 valitudinis
449 240 554 298 feceris.
585 241 653 317 quid
674 241 750 300 'enirn
773 240 810 299 est
824 248 933 304 tantunt'

61 316 93 377 iu
117 336 175 377 uno
200 328 249 375 aut
263 316 349 375 altero
364 314 430 375 die?
449 315 624 377 Dolabellam
645 318 729 376 video
750 316 841 376 Litiae
855 320 934 378 teliu-¹

62 407 163 454 mento
183 411 249 452 curn
264 392 371 452 duobus
386 394 565 451 coheredibus
581 391 635 451 elle
647 394 676 452 in
689 395 788 453 triente
803 415 812 460 ;
832 393 877 452 sed
887 397 935 470 ju·'

62 468 122 529 beri
135 482 241 530 mutate
255 484 370 528 numen.
386 469 423 527 est
433 474 572 527 πολιτικὸν
586 473 716 540 audurae,
726 481 737 524 3
747 469 891 528 rectumne
904 470 937 529 lit

62 547 172 607 snobili
185 544 350 606 adolescenti
372 559 600 619 mutarenomen
620 546 742 605 mulieris
760 546 937 606 tetlamentot

61 620 110 681 sed
143 624 171 683 id
204 621 416 693 dramatum
448 622 651 691 Steuaptvtlootctt
673 664 681 691 ‚
702 622 767 681 cbm
801 623 938 691 sciemusa

63 707 79 751 5
86 711 222 775 quantum
237 699 311 776 quast
327 699 359 758 lit
371 700 400 758 in
414 700 517 757 trientis
531 700 639 758 triente.
678 699 766 773 Qubd
782 700 879 775 putasti
893 701 939 757 io·

63 790 113 846 te,
133 787 164 834 ut
178 788 242 836 ante
256 774 342 853 qulm
355 775 422 835 istuc
437 778 560 835 venirem
576 816 586 848 ,
603 777 772 852 Pompejutn
793 776 936 912 videretpt

906 866 937 911 αὖ

66 1125 70 1131 .
98 1094 121 1134 ³.
137 1081 316 1145 aquaputa]
341 1078 466 1130 Piesertitn
481 1078 584 1129 mulletir
599 1072 758 1129 testamento&
776 1077 839 1144 quast
856 1081 933 1148 magio

62 1140 137 1190 licere
147 1143 252 1194 videatur
262 1157 352 1192 mutare
362 1159 465 1200 nomen,
481 1158 534 1192 cum
546 1160 560 1191 a
576 1145 630 1191 viris
641 1144 688 1193 ado
705 1157 793 1207 remur..
822 1136 939 1207 Dolpbql·

64 1205 95 1252 lat
107 1204 163 1254 vet'o
174 1206 203 1256 e'o
216 1204 293 1255 ¹minus
304 1209 373 1262 licet,
390 1206 426 1256 tui
437 1222 487 1256 non
499 1200 668 1263 cantabona,
683 1159 721 1254 lgd
738 1221 828 1255 nonam
844 1220 937 1270 pattena

65 1265 191 1319 dumtaxat
201 1272 269 1319 Livia
280 1272 399 1334 legaverit.
432 1272 556 1319 eratenim
572 1268 597 1317 in
615 1273 701 1318 triente
718 1283 772 1318 cum
791 1269 880 1318 duobus
896 1285 939 1318 oo·

64 1331 202 1389 heredibus,
217 1346 242 1382 ut
254 1332 283 1382 ad
297 1350 351 1383 eum
368 1331 432 1398 quali
449 1336 521 1381 triens
537 1333 647 1389 trientis,
671 1332 694 1380 id
713 1331 745 1381 est
763 1333 855 1381 trientis
870 1334 939 1381 tertia

64 1408 133 1457 pars,
152 1398 282 1459 pertineret.
316 1397 413 1448 Accedit
425 1396 497 1454 illud,
514 1395 580 1459 quod
591 1410 620 1443 ex
633 1397 731 1460 patricio
742 1396 846 1460 plebejus
858 1394 937 1447 debota

66 1462 189 1510 natante.

96 1539 120 1580 4·
136 1525 229 1582 Nobilis]
244 1528 322 1576 Hares
332 1522 476 1588 quandoque
489 1521 631 1572 testame'tito
642 1519 765 1581 jubebatur
774 1520 835 1571 ferre
845 1516 937 1570 nomed

65 1582 200 1635 testatoris:
218 1589 281 1647 'cujus
296 1589 328 1635 rei
343 1587 479 1650 exemplum
496 1586 569 1635 exstat
585 1586 646 1650 apud
662 1586 725 1634 bunc
740 1585 860 1634 austorem
876 1583 939 1632 librd

65 1658 111 1696 111.
130 1649 270 1698 Officio'rum
283 1649 313 1698 de
323 1655 360 1700 M.
374 1652 455 1699 Satrio.
488 1649 630 1706 Huiusmodi
640 1648 731 1699 heredis
743 1647 857 1697 institutio
873 1647 939 1695 dice·

66 1706 134 1760 batur
144 1714 242 1777 adoptio
257 1715 282 1760 in
297 1728 388 1761 nomen
402 1715 427 1762 bt
444 1712 574 1761 familiam:
589 1714 712 1763 Suetonius
723 1713 748 1760 in
761 1711 826 1776 Julio'
837 1709 936 1767 casare,-

65 1770 106 1820 sed
117 1775 225 1837 nootffima
236 1777 354 1836 testamenta
367 1788 408 1823 tret
421 1777 515 1837 instituit
525 1779 607 1824 heredis
617 1778 715 1838 stratum
726 1788 821 1839 nepotes,¹
839 1779 859 1825 0.
873 1776 940 1822 Oula·

65 1840 131 1883 trium
143 1854 168 1884 ex
188 1841 309 1886 dodrante:
325 1842 353 1891 df
366 1845 393 1888 L.
406 1842 521 1886 Pinarium
537 1842 562 1892 d·
573 1842 707 1903 QP'ediunt
720 1855 746 1884 ra·
755 1839 887 1903 quadrante,
904 1852 940 1884 re·

65 1901 137 1961 liquos
149 1905 170 1946 r'n
182 1907 227 1947 ima
238 1918 302 1948 cera:
320 1906 467 1951 eucratium
480 1905 545 1948 etiam
556 1907 579 1948 ia
595 1903 711 1961 familiam
727 1916 840 1962 nomenque
850 1904 941 1962 adopta·

65 1967 110 2009 vit.
144 1962 198 2024 Jam
210 1964 336 2020 mulieres,
351 1963 409 2012 dum
426 1963 523 2028 quidem
539 1964 669 2020 vivebant,
691 1965 813 2013 neminem
824 1961 939 2025 adoptare
957 2015 960 2020 ,

65 2025 141 2072 veteri
157 2027 205 2084 jure
221 2032 335 2074 Romano
351 2037 467 2090 poterant
502 2036 581 2074 terum
603 2034 653 2074 nbn
676 2023 858 2090 prohibebantur
877 2036 939 2088 quot
972 2031 974 2035 '

66 2088 157 2135 vellent
171 2088 312 2137 testamento
330 2090 355 2137 in
372 2105 461 2138 nomen
483 2088 649 2152 familiamque
664 2088 796 2152 adoptare,
811 2092 843 2136 ut¹
851 2088 940 2152 perlpi-

66 2152 127 2199 citur
137 2164 166 2198 ert
183 2151 229 2199 hoc
242 2153 305 2200 loeo.
337 2159 365 2200 ea
378 2154 443 2201 enim
455 2150 554 2215 adoptio
563 2153 588 2200 iri
603 2154 696 2217 tempus
710 2148 794 2200 mortis
805 2150 937 2207 incidebatt

63 2229 116 2278 quo
128 2213 197 2262 fiebat
209 2224 234 2262 ur
243 2216 291 2263 illae
301 2228 432 2279 numquam
449 2214 570 2264 baberent·
580 2215 606 2263 in
625 2214 740 2280 potestate
755 2220 816 2277 quor
832 2214 940 2277 adopta·

64 2275 123 2325 bant
139 2276 289 2328 testamento.
322 2283 360 2326 De
376 2278 513 2327 conditione
531 2278 637 2326 nominis
650 2277 742 2327 ferendi
756 2278 781 2326 in
798 2277 847 2326 hee
862 2277 935 2326 verba

63 2338 152 2388 diffetit
164 2343 235 2400 Caius
251 2339 500 2405 iurisconsultusliliro
514 2339 614 2390 se'cundo
626 2338 885 2392 Fideicommissotumt
902 2344 933 2389 Sa·

63 2420 117 2451 varo
133 2408 226 2451 nominis
234 2404 320 2462 fireitdt'
335 2408 426 2453 redditio
440 2406 486 2465 est,
501 2421 566 2468 qnam
576 2409 655 2453 Prator
669 2408 755 2468 exigit,
773 2407 827 2452 rell'e
846 2406 935 2468 quidm

60 2466 164 2529 satiatus
183 2471 272 2515 vitant
282 2469 303 2526 fi
322 2474 370 2515 rain
388 2470 510 2532 riplevrrr'ta
542 2470 600 2515 nihil
612 2473 670 2516 enim
690 2471 746 2515 mali
761 2467 790 2526 est
805 2469 883 2528 bonesti
896 2472 936 2515 ho*

63 2533 133 2578 mittit
146 2542 219 2577 nomm
234 2531 349 2591 affameret
381 2548 416 2577 tter
431 2532 488 2578 aaa
506 2535 529 2577 a‘tt
545 2530 634 2589 famella
654 2534 680 2582 ό·
697 2530 792 2592 tarpibt‘tt
814 2533 935 2578 „amitttat

63 2594 119 2640 hanc
128 2594 267 2639 conditionem
276 2597 344 2654 exigit
354 2599 440 2642 Prator.
475 2599 502 2640 ln
512 2591 614 2641 eandem
625 2592 764 2641 sententiam
775 2591 861 2657 scripsit
874 2597 936 2640 Ma*

61 2659 144 2704 cianus
154 2655 215 2704 libro
228 2670 262 2705 tv.
283 2652 525 2705 Fideicommill'orum
540 2656 658 2704 rationem
674 2654 807 2704 habendam
824 2653 871 2703 elle
886 2654 936 2713 eju!

63 2718 207 2783 dignitatis,
223 2721 262 2782 qui
274 2718 344 2767 botes
355 2719 472 2769 institutus
481 2717 597 2776 iuberetur
608 2734 698 2769 nomen
719 2719 780 2768 ferte
794 2719 867 2781 turpis
882 2724 937 2781 pet-¹

64 2780 143 2837 sone,
159 2794 215 2847 puta
226 2782 368 2846 vespillonis.
400 2787 455 2831 ttae
471 2784 552 2845 itaque
565 2781 596 2830 de
611 2781 686 2832 cauda
702 2779 777 2831 stribit
790 2781 832 2829 ‘bie
847 2783 935 2830 ctcero

64 2848 169 2898 calana
185 2849 299 2894 πολιτικὸν
309 2841 368 2901 effe,
383 2844 498 2894 debeatne
512 2846 547 2893 vlt
564 2844 668 2902 nobilis,
690 2845 793 2893 mulieris
807 2843 937 2893 testamen*

63 2919 94 2956 to
105 2939 112 2962 ,
127 2916 217 2956 mutare
229 2920 326 2957 nomen.
357 2920 422 2972 turpe
433 2909 497 2957 enim
510 2907 601 2957 videtur
610 2911 733 2958 mulierem
745 2906 830 2956 habere
841 2905 874 2955 sui
889 2914 938 2955 no·-

63 2971 138 3018 lninis
154 2971 293 3027 auctoremt
325 2985 379 3018 cum
395 2976 484 3019 nornen
500 2984 597 3036 gentem
614 2974 639 3021 δι
657 2971 774 3020 familiam
786 2966 891 3026 indicefr
908 2968 935 3020 bd

64 3035 140 3096 vulgo
151 3046 261 3080 natorum
272 3031 300 3082 lit
312 3034 384 3097 genus
393 3032 424 3081 ad
433 3035 541 3083 mulieres
551 3033 652 3093 reterre,
667 3036 713 3083 hoc
723 3034 756 3083 est
769 3048 777 3090 ς
792 3034 822 3082 ad
839 3045 935 3084 matter:

64 3100 147 3147 Batus.

96 3098 120 3216 ζ.
137 3161 252 3226 Qantara
262 3158 376 3222 malfia]
391 3152 456 3208 llam
466 3159 484 3208 fi
495 3163 577 3227 parurn
591 3155 731 3226 quallubsus
741 3159 770 3209 lit
779 3159 829 3210 -ille'
844 3158 937 3209 trienii&

65 3224 152 3277 triens,
171 3224 251 3270 auttor
262 3224 312 3270 nott
323 3234 364 3270 eto
376 3222 506 3271 Dolabella
517 3235 542 3272 ut
553 3234 643 3272 nomen
655 3236 731 3271 mutet
743 3225 816 3280 ,imo
829 3238 878 3285 quo
889 3225 937 3273 ini²

65 3300 110 3333 nus
127 3284 151 3334 id
166 3285 236 3334 faciat
252 3285 327 3349 lplitm
342 3284 502 3344 dehortab013
524 3284 559 3334 sm
581 3289 675 3351 opimus
692 3289 716 3336 dt
727 3284 862 3336 'fruticosus
872 3289 937 3347 ,etita

65 3349 173 3397 conabor
183 3350 218 3396 illl
229 3347 362 3413 persuadere
372 3347 535 3397 adumendum
546 3346 592 3399 etse
607 3356 697 3398 nomen
712 3349 841 3400 testatricis.-
873 3354 935 3398 Peri*

64 3408 137 3460 debat
151 3422 208 3473 ergo
218 3412 328 3463 tractatio
337 3411 502 3479 philosophica
512 3412 580 3475 buius
591 3412 724 3480 questionis
735 3411 936 3465 extremitati:

65 3475 184 3526 Μάσητι
215 3475 283 3526 ddunt
317 3534 321 3539 ⁴

288 3538 293 3547 “
484 3539 548 3588 out
851 3530 874 3585 tt
892 3522 939 3582 bt·-
