2294 3914
112 164 310 230 Eursr.
350 176 424 227 nn
465 152 768 233 Arn'rcttnt.
812 162 893 249 1387

27 258 94 332 aco
109 270 266 351 interposita
280 267 352 339 eisc,
372 268 537 346 quominus
554 314 564 341 ,
582 270 662 347 quod
682 288 752 347 opus
775 268 839 330 eilet
853 272 889 332 ad

27 348 130 418 ellum,
150 347 259 407 inobis
275 361 421 425 pararetur.
461 364 514 421 ego
530 360 625 407 autem
641 359 785 423 cumputo
800 348 889 408 fastu·

27 443 90 495 tm,
107 438 137 483 ut
150 424 274 501 praesidia
288 424 413 483 deducat.
453 425 551 482 vicerit
565 426 666 493 enim,
686 424 707 482 st
731 424 826 483 consul
847 425 889 483 fa-

27 502 149 571 luserit,
170 505 200 561 &
214 504 324 561 minore
336 500 436 559 scelere
451 502 548 560 vicerit
570 545 578 572 ,
599 500 686 577 quim
701 519 765 588 ¹quo
787 500 889 577 ingres-

27 596 52 637 us
67 578 113 637 est.
145 571 196 638 ‘sed
210 578 369 654 accipienda
384 580 462 655 plaga
476 578 522 636 ell.
548 578 640 637 sumus
662 596 739 639 enlm
753 575 887 665 flagitiosi
897 630 913 663 n
929 627 983 667 mm

27 656 138 729 nparati
157 655 246 716 n‚cum
261 653 277 713 t
292 654 439 724 militibus,
458 666 520 713 tum
535 652 550 712 l
565 657 682 731 pecunia
699 676 706 714 ι
727 673 812 731 quam
827 673 884 731 qur·
897 682 969 730 MSS.

27 750 78 789 ,em
94 750 230 803 omnem,
250 751 309 791 non
332 730 420 790 modi)
442 734 595 807 privatam,
615 750 680 807 quac
700 734 728 791 in
750 733 817 791 urbe
832 732 888 801 est,
929 748 953 792 Ρ.
971 746 998 793 Β.

27 808 60 869 ed
73 810 158 881 etiam
173 805 328 885 publicam,
347 826 413 886 quae
433 810 463 868 in
476 808 610 869 ⁶9aetario
624 808 702 880 ⁰cst,
720 805 759 867 illi
780 809 889 885 reliqui-
900 821 924 917 3¹
931 803 1023 916 iffa*

820 904 893 946 mus·
985 904 994 920 ·

27 1040 102 1087 audet
124 1041 212 1103 dlvtrsa
224 1040 319 1104 sequent.
341 1038 396 1089 satis
412 1039 505 1089 cunstat
521 1054 572 1089 nun
592 1038 673 1091 referri
688 1039 737 1096 ad,
756 1044 836 1094 Nema,
851 1034 894 1102 sed

27 1101 109 1151 neccsse
120 1103 180 1161 elle,
196 1116 221 1153 ut
243 1104 328 1169 aliquis
349 1102 508 1153 subaudiatur:
524 1105 592 1165 hujus
607 1105 699 1168 generis
715 1102 826 1167 exempla
842 1118 893 1153 non

27 1162 182 1217 lcsrdcramus.
201 1167 254 1217 vide
265 1182 301 1231 ep.
311 1184 349 1222 30·
364 1166 462 1216 librar.
480 1171 546 1216 Fam.
578 1172 603 1214 P.
614 1172 700 1215 Manat.

48 1236 88 1282 69.
107 1232 227 1288 aeraria]
242 1236 278 1278 Ex
289 1245 339 1295 quo
350 1228 427 1279 cusat
438 1228 518 1304 postea
529 1231 653 1295 pecuniam
663 1225 765 1298 sumpfit.
783 1242 819 1291 ep.
828 1244 851 1286 4.
865 1228 892 1277 bt

27 1303 39 1337 r,
57 1290 101 1341 lib.
108 1307 132 1342 x.
149 1296 263 1343 AErarium
273 1307 352 1343 autem
361 1292 429 1343 fuisse
439 1310 463 1342 m
476 1296 567 1343 Saturni
578 1295 671 1357 templo
687 1326 695 1349 ,
712 1294 766 1341 latis
783 1306 813 1339 ert
824 1288 895 1357 Fullo¹

27 1352 192 1423 llutarchoque
203 1359 227 1405 in
240 1357 315 1407 Probl.
327 1357 432 1407 constat:
450 1355 502 1414 sed,
519 1359 598 1406 aratia
609 1360 654 1405 tria
667 1371 707 1405 cur
726 1357 893 1411 nominentur,

27 1420 69 1465 mn
81 1434 166 1469 omnes
176 1418 272 1479 forrall'e
283 1434 390 1477 norunt3
406 1423 487 1483 itaque
502 1434 582 1467 totam
597 1420 659 1467 hanc
677 1420 795 1467 rationem
814 1418 895 1483 paullo

27 1478 155 1545 illigentiur
167 1482 305 1549 conabimur
314 1485 439 1549 explicare.
473 1484 587 1533 AErarium
597 1483 700 1547 primum
711 1482 771 1529 illud
783 1480 897 1547 fuit,qu0

27 1540 133 1602 ruratio,
149 1561 203 1595 cum
214 1562 254 1611 per
271 1563 348 1596 annos
360 1547 469 1602 multos,
489 1559 514 1595 ut
535 1548 656 1610 Appiauus
676 1548 702 1594 bc
720 1550 826 1593 Lucanus
846 1558 899 1608 per·

27 1606 115 1665 libent,
132 1609 235 1660 clausum
245 1610 340 1668 fuisset,
357 1615 386 1659 C.
399 1608 477 1662 Cacsar
493 1611 617 1675 pecuniam
637 1606 770 1658 universam
790 1607 846 1656 belli
863 1609 898 1655 cl·

27 1670 72 1719 rtis
88 1670 158 1721 initio
170 1671 275 1739 sumpiir.
310 1687 334 1723 at
352 1688 381 1722 uc
398 1676 423 1722 in
440 1672 507 1731 hoc,
522 1673 595 1722 tradit
612 1673 733 1737 Appianur
750 1706 757 1727 ,
773 1671 899 1720 conditum

27 1730 86 1783 itiil'e
95 1748 177 1785 aurum
188 1772 195 1794 ,
229 1737 277 1785 uod
288 1739 313 1787 in
322 1689 389 1787 ulum
401 1737 489 1785 Gallici
499 1734 557 1786 belli
568 1751 609 1785 ero
628 1736 717 1785 andum
728 1730 897 1791 alservaretur,

27 1796 86 1861 {uod
97 1799 210 1860 vidcturc
230 1816 243 1849 e
254 1802 303 1861 iam
313 1800 370 1851 iude
380 1800 409 1849 ab
420 1816 450 1849 eo
461 1814 571 1865 tempore
582 1751 713 1849 inffitutum
727 1832 734 1854 ‚
751 1812 806 1845 cum
815 1795 898 1845 urbem

27 1865 130 1911 lornant
141 1864 207 1911 Galli
217 1878 313 1927 captam
323 1864 484 1914 incenderunt.
501 1876 557 1912 tunc
569 1864 634 1911 enim
645 1876 670 1912 ut
687 1860 776 1912 rursum
791 1859 851 1909 illud
861 1874 899 1908 re·

27 1936 162 1982 torreretur,
177 1925 234 1975 belli
246 1926 334 1974 Gallici
344 1940 410 1975 metu
421 1925 541 1974 decretum
551 1925 591 1975 est.
618 1938 689 1990 atque
699 1940 746 1990 ego
759 1958 766 1982 ,
782 1920 899 1987 quidquid

27 1986 103 2035 tostea
115 2001 144 2034 ex
160 1988 277 2044 victoriis,
292 2002 318 2045 ut
334 1988 363 2038 ab
375 1989 492 2038 Africanis
507 1987 598 2037 duobus
612 2002 642 2038 ex
663 1988 765 2037 secundo
781 1990 807 2033 δι
827 1986 899 2033 tertio

27 2050 111 2099 arnico
119 2050 199 2110 bello,
214 2065 228 2115 a
238 2052 323 2119 prioris
334 2051 407 2101 fratre
417 2066 446 2099 cx
460 2048 515 2101 alia
527 2086 534 2108 ‚
551 2065 565 2098 a
576 2054 699 2099 Mummio
710 2066 740 2098 er
757 2050 861 2113 Achaia,
872 2050 898 2096 δι

27 2114 105 2161 'nullo
123 2128 153 2162 ex
171 2110 335 2171 Macedonia,
349 2114 452 2163 Lucullo
473 2115 500 2163 δι
520 2116 636 2177 Pompeio
653 2128 682 2161 cr
693 2113 799 2177 Tigrane
810 2113 836 2160 bc
850 2110 899 2157 Mi-

27 2175 125 2226 lrridatc
141 2191 235 2241 parrum
257 2176 309 2233 est,
337 2177 374 2239 (ur
400 2178 462 2227 aliur
482 2192 549 2243 pane
569 2176 751 2225 innumerabiles
772 2171 897 2236 omittam)

27 2238 111 2289 todem
122 2240 202 2303 postea
211 2240 350 2307 congestum
361 2240 471 2291 existimo
482 2257 490 2297 5
506 2242 624 2304 primum,
640 2240 696 2305 quia
706 2242 744 2289 exi
778 2253 818 2285 arn
827 2237 899 2301 plane

27 2304 71 2352 turi
81 2306 132 2352 vim
143 2300 223 2362 fuisse,
239 2320 290 2369 qua
300 2301 379 2369 priscis
389 2306 436 2354 illis
447 2303 607 2367 temporibus,
624 2303 707 2370 paullo
720 2253 776 2368 ροὲῐΐ
786 2298 868 2349 urbem
882 2312 899 2348 ι

27 2366 99 2417 3allir
110 2366 248 2424 liberatam,
264 2370 289 2417 irr
300 2381 387 2429 magna
399 2369 509 2416 omnium
520 2382 597 2417 rerum
608 2367 689 2431 inopia
701 2402 708 2424 ,
725 2364 835 2415 nundum
845 2363 899 2411 val·

27 2428 52 2479 le
67 2431 166 2493 prolatis
182 2432 275 2495 imperii
296 2431 421 2487 temrinis,
448 2428 554 2495 depofita
569 2428 621 2487 est,
646 2429 773 2479 verifimile
788 2428 897 2483 videtura

27 2494 88 2553 :rrius
97 2496 194 2557 tantula
205 2495 308 2561 pecuniae
320 2491 397 2542 causti
412 2508 545 2555 numquam
560 2507 623 2542 certe
637 2493 702 2542 fores
716 2492 789 2540 cerarii
805 2490 847 2539 fibi
862 2489 900 2538 ef-

27 2548 161 2619 fringendas
172 2556 249 2607 Casar
258 2555 371 2621 putallcr3
389 2571 462 2621 aquo
474 2556 553 2605 ablata
571 2558 671 2605 laterum
688 2568 811 2604 aureorum
828 2566 898 2602 arur.

27 2623 63 2670 Μ.
74 2622 100 2671 δε
112 2623 137 2669 in
156 2634 282 2669 numerato
299 2620 382 2685 pondo
399 2634 464 2670 ccc.
486 2620 574 2668 Plinius
585 2619 625 2668 lib.
638 2632 717 2667 aaut.
738 2632 818 2679 ειμι.
837 2613 901 2663 affir-

27 2696 93 2739 mat:
110 2683 214 2740 deinde,
249 2683 297 2733 und
312 2685 418 2733 ararium
433 2682 511 2740 illud,
533 2680 598 2745 quod
613 2697 655 2746 per
671 2682 721 2731 vim
737 2676 850 2743 ingressus
865 2674 900 2725 est

27 2744 120 2805 Casan,
142 2745 166 2794 ld
182 2746 215 2795 fui
237 2763 267 2806 e,
283 2763 332 2813 quo
348 2762 430 2796 aurum
454 2760 527 2811 atque
542 2756 667 2810 argentum
681 2740 800 2809 capraria
814 2742 900 2790 Punica

27 2808 229 2925 &ffilvgaoedonica
247 2810 385 2877 congestum
405 2808 456 2869 est,
485 2814 593 2860 Lucanus
615 2808 678 2859 libro
695 2822 743 2859 ιιι.
771 2804 842 2855 ducet
863 2802 899 2853 hia

27 2885 82 2941 tc,⁵¹
99 2888 132 2924 ur.

193 2940 250 2985 Tam
260 2939 357 2986 conditus
365 2940 411 2986 t'mo

160 3004 257 3059 Eruitur
267 3004 342 3063 templo
353 3036 361 3059 ,
376 3002 451 3050 multis
463 3001 555 3047 intal'ittt
563 2998 590 3046 ab
598 2999 679 3056 annis,

162 3067 259 3132 'Romani
269 3066 339 3125 census
346 3067 420 3127 populi
425 3099 433 3121 ,
448 3078 511 3127 quem
521 3068 603 3111 Punica
613 3064 683 3118 bella,

163 3130 238 3195 Qum
247 3128 335 3174 dederat
345 3128 428 3188 Persa,
444 3142 506 3188 quem
516 3128 574 3174 vitii
580 3126 652 3190 prada
663 3124 766 3189 Philippi.

27 3189 63 3255 De
72 3191 120 3251 ltuc
130 3189 228 3241 forcalle
239 3192 319 3239 aratio
330 3188 398 3239 scnfit
410 3190 515 3238 valerius
527 3189 566 3238 lib.
574 3204 619 3238 ιιι.
637 3202 688 3253 cap.
696 3205 718 3245 7.
736 3183 896 3237 Alterumfuir

27 3256 130 3303 ararium
140 3268 170 3303 cx
181 3253 410 3304 aurovlcesrmario:
426 3252 492 3317 quod
506 3253 530 3300 in
548 3251 664 3301 sanctiore
680 3252 760 3301 aratio
780 3248 897 3300 seruatum

27 3316 53 3366 td
63 3317 164 3365 ultimos
174 3318 250 3375 casus,
267 3318 346 3365 Livius
357 3316 490 3366 librarum.
507 3314 619 3379 prodidit.
636 3314 765 3364 conubium
776 3326 855 3363 autern
865 3326 896 3363 cx

27 3394 127 3439 totum,
143 3382 184 3443 qui
199 3382 441 3436 manumitterentur,
462 3376 590 3435 vicesima,
617 3378 682 3426 idem
700 3379 780 3427 Livius
797 3376 895 3429 liban.
960 3419 963 3427 .

27 3456 110 3503 narrat.
127 3444 234 3493 Tertium
245 3459 274 3492 er
286 3458 363 3493 annua
374 3444 526 3509 vebligalium
537 3442 633 3504 pecunia
644 3440 779 3491 conflabat:
796 3456 826 3489 err
838 3453 898 3503 quo,

27 3504 140 3593 midquid
155 3504 214 3577 balli
227 3504 374 3576 ncttssitu',
395 3520 436 3572 aut
451 3504 604 3575 quortdtrnur
614 3505 671 3571 reip.
688 3503 740 3559 usur
755 3506 898 3615 requiret&
