2294 3914
155 159 471 225 Baianas>
515 159 826 255 urrisun..
882 170 958 253 1461

59 275 231 342 ²⁶Pinario‚
258 290 346 350 quem
373 291 433 332 non
454 272 598 343 vidimus3
627 275 656 332 in
677 288 753 352 rqua
783 276 919 350 exspei’sas
934 302 970 350 ,y
986 286 1002 337 s
1012 304 1052 340 em

60 352 196 430 quidnam
210 345 359 425 praemissus
374 362 436 425 agat
451 350 602 418 Vibullius;
623 352 671 427 qui
687 351 807 410 omnino
829 372 887 412 non
904 357 941 415 est
953 305 1023 414 spes,
1042 355 1098 406 MS·

13 495 16 499 ,
62 427 163 487 visusi
179 426 302 484 Caesare:
324 424 365 500 (in
379 427 461 484 altera
476 424 587 500 epistola
606 470 614 496 ,
636 427 746 496 video,
766 439 795 486 te
817 418 882 487 scire
904 433 941 490 ita

62 500 131 578 effe)
153 513 181 556 ²7
192 505 238 572 &,
257 502 500 579 quemadmodum
516 501 680 563 redeuntem
698 506 838 579 excipiam
854 506 961 565 Caesa-'

64 597 127 641 rem
135 603 145 649 ς
166 597 253 657 quem
267 578 386 638 omnino
403 580 489 639 vitare
503 580 617 655 cogito:
639 582 689 648 &‚
708 579 792 639 28rut
807 583 948 643 Hemonis

906 661 952 719 fu·

65 915 124 966 vna
139 915 324 991 coenaremus
339 917 451 967 nomme
467 913 575 970 seratura.
609 916 656 968 ost
673 912 690 967 r
707 921 767 968 u-s.
784 919 895 983 aeagsea
912 886 950 967 re-

66 993 128 1053 8²53
144 995 268 1045 perexigua
284 982 326 1029 erit
344 984 449 1055 pecunias.
485 987 564 1055 Atque
580 980 629 1031 brec
639 1016 646 1038 ‚
658 995 746 1054 ¹prrsret
758 983 810 1057 3¹³²
827 1016 835 1038 ‚
857 996 949 1059 magno

67 1041 357 1171 querrglqtnqqqqqrffqtpougqrtt
365 1078 373 1101 ,
389 1043 607 1170 q‘tlaqqsspaffentrar,
623 1060 665 1110 qur
683 1046 771 1143 eeefiase
784 1079 792 1102 ,
806 1059 850 1108 pro
873 1053 948 1092 carens

101 1175 140 1217 26.
158 1173 266 1227 Pinaria]
282 1174 354 1233 Ep.r.
372 1170 466 1220 liberm.
484 1169 513 1219 ad
532 1176 564 1232 Q.
580 1168 609 1220 ft.
628 1173 713 1220 cereas.
746 1172 823 1235 Qam
839 1171 947 1231 rescribis

67 1232 148 1293 dedrffe
158 1237 267 1290 Pinaria]
282 1236 318 1280 lta
328 1229 424 1298 fingulis
434 1233 547 1297 capitibus
558 1235 637 1297 primas
649 1235 721 1282 Attici
734 1226 838 1298 epistolar
848 1231 947 1297 respon·

67 1294 110 1343 det
123 1328 130 1349 ‚
145 1309 170 1344 ut
182 1294 250 1345 simul
262 1296 311 1354 ejus
322 1298 392 1344 verba
404 1308 500 1358 repetat.
527 1296 569 1344 ille
579 1299 645 1345 enim
657 1295 773 1359 scripserat
786 1295 808 1344 se
818 1295 944 1360 epistolam

67 1354 158 1406 dedisse
170 1360 276 1415 Pinario,
292 1361 318 1407 bc
328 1356 461 1423 exspe&ure
474 1359 531 1422 quid
543 1374 621 1423 ageret
638 1359 753 1407 Vibullius
761 1356 896 1422 ‘promissus
913 1359 944 1408 ad

68 1418 186 1471 cresasem
201 1436 256 1470 cum
274 1421 411 1493 mandatis,
433 1421 534 1487 scireque
549 1423 610 1471 velle
625 1420 831 1485 quemadmodum
846 1419 893 1485 ipse
907 1437 945 1471 re·

67 1481 182 1533 deuntem
194 1484 310 1533 Caesarem
321 1485 456 1548 exciperet3
473 1499 524 1534 tum
541 1483 563 1533 se
576 1486 718 1534 Athenionis
735 1485 818 1548 fugam
834 1484 944 1534 intende-

66 1560 107 1600 re,
123 1545 255 1611 nesciteque
272 1561 301 1595 an
318 1549 439 1597 Domitius
455 1547 518 1597 foret
535 1563 589 1596 cum
609 1548 715 1597 fascibus.
751 1550 793 1596 llis
806 1549 891 1596 Cicero
908 1550 943 1598 ita

66 1606 188 1666 rescribit,
203 1610 226 1658 se
238 1609 355 1659 Pinarium
365 1626 416 1659 non
426 1608 522 1667 vidisse3
538 1611 667 1660 Vibullium
679 1626 692 1658 a
703 1611 793 1659 Cessare
806 1607 880 1658 visum
892 1624 944 1660 non

67 1668 129 1729 else3
146 1687 175 1721 co
193 1673 251 1721 'rare
260 1672 284 1721 se
293 1672 323 1721 de
333 1672 432 1723 vitando
443 1673 551 1730 Caesares
568 1673 713 1739 probareque
733 1671 859 1722 confilium
880 1673 943 1722 illius

66 1733 100 1783 de
110 1689 255 1785 inrenffenda
267 1736 409 1802 Athenionis
421 1735 491 1802 fuga,
508 1740 535 1786 bt
546 1738 599 1785 vitae
616 1739 806 1785 commutatione
816 1734 925 1784 facienda
932 1754 943 1794 ς

66 1795 204 1863 sedensque
213 1813 297 1862 cupere
307 1801 432 1849 certiorem
445 1800 473 1848 ab
484 1815 514 1848 eo
526 1799 577 1850 fieri
588 1801 618 1848 de
627 1799 725 1849 fascibus
737 1799 839 1848 Domitii
846 1833 853 1856 ,
860 1797 945 1847 limui-

68 1872 142 1925 atque
151 1863 172 1910 is
187 1861 277 1926 aliquid
287 1875 315 1912 ea
328 1861 358 1910 de
368 1878 394 1911 re
409 1863 559 1912 intellexerit.
592 1864 672 1922 Bastar.

101 1939 139 1980 27.
156 1929 186 1972 Et
200 1927 379 1989 quemadmodum
394 1927 513 1973 redeuntem
529 1929 660 1988 excipiam]
692 1930 714 1974 Α
730 1925 853 1974 communi
871 1923 946 1973 verbo

67 1986 190 2048 Exspeiiss.
222 1992 305 2051 ltaque
325 1986 391 2052 supra
405 1987 524 2038 distinstio
538 1989 581 2036 illa
595 1989 647 2053 post
664 1989 759 2046 casare,
775 1984 876 2035 delenda
892 1986 944 2044 eli,
998 2012 1000 2021 ·

67 2048 294 2115 adscnbendumque
309 2064 413 2101 comma.
446 2051 630 2100 Distindionem
650 2066 729 2100 autern
749 2063 831 2106 voco,
857 2047 945 2100 silentii

56 2114 168 2170 'notarm
184 2112 274 2164 sensum
285 2116 469 2172 terminantem,
485 2129 558 2178 quam
570 2114 645 2163 Greci
655 2117 721 2164 bien
738 2113 873 2176 appellant:
890 2127 944 2178 quae

65 2174 102 2225 ibi
112 2177 194 2226 locum
205 2192 255 2227 non
265 2176 350 2226 haber:
367 2179 489 2226 Proximus
499 2192 571 2241 porro
581 2175 671 2226 sensus:
688 2184 713 2224 la
721 2178 795 2225 alem
807 2175 892 2238 pestere
904 2179 946 2223 vi·

68 2239 108 2286 des
118 2241 201 2301 rescire
212 2245 244 2287 isa
253 2242 296 2302 effe.
312 2240 351 2288 ubi
362 2241 388 2289 dt
398 2242 425 2287 Id
437 2243 506 2287 altera
520 2240 607 2302 epistola
622 2241 705 2305 legitur
723 2240 748 2286 in
763 2244 818 2288 Ant.
833 2240 858 2286 dt
875 2237 945 2297 allisa

67 2300 204 2363 interjectus
218 2301 390 2359 videturesse,
407 2317 440 2366 qu
486 2302 628 2366 parenthefis
645 2322 653 2361 ;
676 2301 793 2360 refertque
810 2299 943 2351 Vibullium

68 2378 122 2412 non
132 2363 262 2415 essetisum
273 2381 287 2414 a
299 2364 395 2415 casare.
428 2371 455 2428 Q
517 2367 612 2430 inquit,
628 2367 700 2429 priori
717 2363 817 2428 epistola
833 2364 944 2428 ignorate

68 2425 101 2476 de
111 2427 216 2477 Vibullio
226 2428 353 2486 videbaris,
370 2427 394 2476 id
404 2444 433 2477 ex
444 2430 518 2478 altera
528 2430 638 2495 intelligo
652 2443 677 2478 te
693 2426 748 2477 scire
759 2461 767 2485 ,
783 2442 834 2476 non
850 2423 896 2476 effe
905 2427 944 2477 vi·

70 2488 123 2541 sum
137 2491 258 2544 aCaesare.
292 2494 386 2555 Malafp.

102 2562 141 2606 28.
157 2561 212 2603 visst
221 2558 251 2603 ad
261 2555 449 2618 Hameairfssgam
459 2557 548 2613 tendis]
563 2555 658 2602 Intendit
667 2567 734 2603 vetus
750 2553 809 2602 libes
820 2587 827 2609 ,
845 2553 870 2600 δι
883 2556 941 2598 Aa·

69 2618 167 2665 rhedonis
177 2621 276 2677 Phyma,
292 2619 355 2674 Pius,
371 2633 415 2682 pro
427 2623 532 2666 Hemeais
539 2617 623 2680 fugam.
657 2621 683 2669 bt
699 2618 771 2682 paulo
786 2614 855 2679 post,
872 2614 941 2672 Sufe-

68 2695 130 2737 nas,
146 2683 303 2745 proderenas:
325 2694 382 2730 nam
399 2684 450 2732 Sea.
465 2685 548 2729 Nonius
563 2681 655 2739 Sufenas
671 2685 696 2730 in
712 2680 809 2729 denario
825 2689 939 2743 argenteo

68 2740 195 2807 descriptus
211 2743 252 2794 est.
274 2743 354 2800 insta,
380 2759 424 2809 pro
443 2745 533 2803 defero,
553 2745 657 2793 Fa‘e'rnus
676 2744 811 2793 emendavit
829 2775 837 2798 ,
853 2744 958 2800 aspere..

69 2806 145 2865 vsfin.
177 2812 208 2854 Er
216 2811 271 2855 haur
283 2811 416 2856 Athenionis
423 2807 500 2868 fugam
514 2810 626 2865 intendis]
641 2805 755 2856 Bofi'rhoc
766 2803 798 2853 est
809 2804 940 2859 conficien-

67 2869 101 2918 tis
118 2884 149 2919 ex
165 2868 292 2934 depravata
312 2872 433 2920 Decurtari
448 2874 473 2921 &
485 2869 584 2920 crusell.
596 2870 724 2935 scriptura,
741 2881 842 2932 quorum
860 2867 940 2931 prior,

65 2932 119 2981 haba
131 2936 262 2981 „Athamanis
268 2932 346 2996 fugam
356 2935 460 2990 intendis,
475 2934 535 2982 alter
545 2931 600 2982 verb
612 2968 620 2991 ,
635 2936 692 2980 baad
705 2935 851 2979 „Authemsais
862 2929 941 2989 faram

66 2996 147 3046 tendis.
165 2995 243 3047 Ursini
251 2995 323 3054 liber,
339 2998 365 3050 (r
376 2999 406 3044 ad
418 3000 517 3044 lismoais
524 2996 602 3059 fugam
613 2999 712 3045 intendis.
747 2996 816 3048 Pius,
835 3007 879 3055 pro
896 2997 941 3038 He·

67 3062 138 3106 menis
145 3058 174 3118 fu
186 3076 236 3116 am,
253 3062 392 3108 Anthedonis
404 3064 485 3119 Phycm
494 3058 561 3124 legit.
582 3059 711 3108 Lambinus
722 3056 850 3106 licethunc
861 3054 944 3104 locum

70 3119 122 3171 feri
133 3077 279 3187 delgperatusn
289 3121 386 3178 afferat,
401 3136 483 3172 tamen
495 3138 525 3170 ne
536 3120 568 3170 ibi
578 3134 668 3177 taceas,
683 3120 723 3169 ubi
739 3122 780 3167 alii
789 3115 879 3167 verbosi
891 3116 946 3192 sue·

69 3197 140 3242 runt,
152 3185 214 3235 banc
224 3182 291 3235 affert
302 3186 482 3246 comesturam,
500 3187 615 3232 artemonis
625 3185 703 3244 farem
718 3185 800 3237 tendis,
816 3183 853 3228 vel
870 3194 944 3230 ettam

71 3247 202 3306 dammas&
225 3252 300 3306 odeas
315 3252 404 3297 tendis.-
420 3248 480 3296 hanc
497 3262 594 3312 quoque
609 3248 680 3297 tesert
696 3245 757 3295 Bosri
769 3244 944 3302 conieiiuram,

71 3314 134 3356 Ave
148 3315 264 3368 Athenio,
282 3313 303 3371 st
313 3313 392 3376 fragam
407 3315 505 3359 fatendis.
541 3310 623 3376 Junius
639 3326 669 3359 err
686 3310 817 3358 multorum
832 3305 892 3379 mss.¹
902 3311 947 3353 l’a·

66 3371 115 3423 lut.
131 3375 327 3436 comparatione,
348 3379 374 3429 (a
394 3392 422 3423 aa
437 3389 462 3422 sa
476 3378 583 3423 flamonia·
599 3374 677 3437 fugam
691 3374 794 3422 intendas.
829 3371 943 3419 clericus.

66 3440 169 3485 Veteres
177 3436 231 3489 libri
245 3439 351 3491 melioris
361 3452 425 3488 notar
436 3439 542 3488 habent:
565 3442 594 3484 Et
604 3441 662 3486 haud
679 3440 819 3496 Athamana.
852 3438 879 3481 ln
888 3445 944 3506 ⁴qua

64 3496 181 3567 scriptura
190 3500 283 3554 nullum
294 3517 342 3569 ego
353 3501 449 3568 quidem
459 3503 543 3553 vitium
554 3499 657 3565 agnosco
670 3535 678 3560 ‚
691 3513 773 3568 prater
787 3495 853 3564 quod
862 3488 951 3611 {tilia

485 3571 617 3622 misaam
891 3571 919 3608 κε
947 3620 951 3629 ¹
986 3602 1067 3692 1

256 3710 260 3735 l
