2294 3914
177 105 262 195 1246
346 97 869 185 Linea-Quintus
1087 39 1097 231 1

181 210 232 273 tibi
245 223 322 289 grata
335 210 389 274 elie
402 210 523 290 gaudeo.
560 206 651 287 Quod
664 205 752 268 scribis
768 205 907 269 ¹⁸llbenre
927 218 958 270 te
970 210 1062 351 Ἓξ
1094 235 1097 249 ·

178 474 258 543 scripti
270 476 363 527 codices
373 474 403 525 ab
413 471 515 525 exeniis:
531 486 605 539 qnare
614 473 645 523 ab
655 473 704 524 illis
715 473 818 526 destituti
833 487 992 525 communem
1006 473 1056 524 vul·

197 554 309 607 atamque
324 540 454 589 leuiorem
467 536 656 587 conservavimus
670 570 678 595 ,
698 536 741 587 etsi
763 540 834 589 valde
848 538 947 588 dubiam
967 541 994 588 δι
1015 537 1057 587 ob·

176 555 276 655 faunam.
309 600 450 653 Audivimus
460 614 542 650 acutos
554 601 673 665 quosdam
684 604 748 651 viros
760 600 792 652 fic
808 604 870 652 hunc
885 605 969 651 locum
985 603 1057 651 corti·

176 678 246 731 gere:
262 670 318 735 Qu
327 668 353 713 dr
363 668 483 713 Parietinr's
493 664 509 709 ri
521 668 626 713 Memmio
638 668 763 728 impetravi.
798 675 861 716 cum
872 669 938 715 enim
950 667 1018 729 supra
1029 662 1057 713 de

177 730 298 795 Epicureis
308 730 434 793 loquatur,
450 727 597 777 crediderunt
610 742 661 777 rem
671 729 740 778 illam
752 728 790 778 bic
801 728 896 780 trastari
908 762 916 787 ‚
932 728 964 778 de
978 731 1056 792 qua&

177 790 227 843 hoc
236 792 311 845 libro.
327 796 353 842 lle
366 795 392 843 in
402 790 502 856 epistola
517 794 548 840 ad
565 796 595 841 c.
612 793 759 841 Memmium
774 793 870 857 longius
884 793 942 858 egit.
973 792 1001 841 in
1012 804 1058 855 qua

178 866 235 905 oum
244 856 294 907 hcc
304 855 375 907 verba
385 867 473 920 ponat,
488 859 624 919 Prtrrrmqrsr
634 869 658 903 nt
667 858 733 917 nescir
744 858 798 920 qnid
808 856 867 903 illud
880 858 973 919 Epicuri
985 858 1058 918 prn'ri

136 914 139 920 ’
176 922 274 975 tinctum
285 921 329 978 fibi
343 921 472 975 concederes,
486 918 530 971 &a
547 918 583 967 illl
597 917 787 969 existimaverunt
797 934 840 994 pto
856 922 997 974 Tarentinis,
1013 922 1057 966 Ρι-

176 984 264 1030 rininis
275 980 323 1032 else
333 981 471 1048 legendum.
502 979 581 1030 Nobis
595 983 667 1031 nimis
681 980 739 1031 dura
750 986 776 1033 ἃ
787 983 894 1031 violenta
904 982 954 1031 bac
964 981 1056 1033 ridenn

177 1046 330 1097 emendatio:
349 1061 393 1095 nec
403 1045 486 1100 video,
503 1059 542 1093 cur
554 1045 591 1092 bic
598 1049 718 1108 parietinas
729 1061 784 1095 cum
789 1048 871 1096 Attico
882 1046 989 1112 loquens
1001 1047 1057 1111 Epi·

177 1108 226 1157 etri
237 1109 388 1161 ‹lomicllium
397 1109 518 1173 appellate
534 1106 639 1167 deberit,
664 1108 731 1172 quod
746 1124 801 1159 cum
815 1112 938 1159 Memmio
954 1110 1058 1173 loquens

178 1186 230 1219 non
245 1172 295 1222 linc
305 1172 372 1223 causa
381 1171 452 1222 fecit:
468 1184 493 1221 ut
504 1168 552 1235 ipse
568 1171 634 1235 quafi
650 1186 705 1221 cum
720 1188 751 1222 eo
766 1173 898 1223 consentire
916 1171 1056 1222 viderennr

178 1248 231 1283 non
242 1240 313 1285 delere
323 1243 437 1285 Patronem
447 1240 571 1299 tantopere
585 1234 693 1285 laborare
707 1234 738 1284 de
756 1251 782 1285 re
803 1237 850 1286 leri
872 1241 899 1287 be
916 1237 986 1301 parvi
1004 1250 1058 1285 mo·

178 1301 263 1349 menti.
296 1308 368 1364 alque
387 1300 435 1349 huc
449 1311 474 1347 ut
495 1298 586 1347 facilius
608 1296 639 1347 ab
655 1313 703 1355 eo,
724 1300 790 1364 quod
801 1300 887 1358 vellet,
905 1301 1057 1364 impetrarem

178 1374 235 1411 curn
247 1362 371 1413 instarem
383 1366 409 1413 δι
420 1359 513 1411 causam
525 1362 632 1411 Patronis
641 1375 724 1427 augeat
742 1364 812 1412 omni
821 1365 932 1422 ratione,
948 1378 1000 1428 qua
1015 1377 1057 1429 po·

179 1424 238 1483 test,
254 1441 309 1475 cum
322 1439 427 1490 exponat
439 1424 509 1473 illum
518 1424 724 1475 dicereltonorem
737 1458 745 1483 ,
760 1425 886 1484 officium,
902 1426 1059 1477 testamento·
1086 1470 1092 1482 ,

179 1502 232 1537 rum
248 1491 302 1549 jus,
325 1490 420 1555 Epicuri
434 1488 617 1546 austeritatem,
639 1488 728 1540 l’boedrl
743 1488 942 1548 obtestationem,
960 1488 1059 1544 sedem,

179 1549 344 1613 domicilium,
361 1552 458 1617 vestigia
469 1550 616 1601 summorum
625 1553 729 1603 virorum
739 1550 782 1603 libi
796 1553 883 1602 tuenda
898 1550 954 1605 elie.
987 1550 1059 1617 Qrorl

181 1608 200 1663 fi
216 1631 269 1666 rece
285 1629 337 1665 tam
346 1618 476 1666 leuiorem
486 1617 627 1663 retineamur
640 1642 648 1673 ,
664 1615 794 1666 videndum
803 1617 837 1665 est
847 1632 887 1665 cur
898 1616 996 1675 llarim,
1005 1630 1059 1665 cunr

181 1674 259 1729 adhuc
269 1632 299 1727 ge
311 1680 430 1744 Epicureis
440 1680 594 1751 loqueretur,
610 1678 641 1727 cie
651 1681 786 1729 Tarentinis
798 1678 868 1730 verba
881 1678 963 1731 faciat.
996 1676 1060 1743 orii

181 1744 248 1791 enlm
264 1742 297 1791 cll
309 1742 444 1793 Tarentinis
454 1756 509 1790 cum
520 1743 656 1805 Epicureis?
688 1743 728 1793 Est
746 1755 828 1791 tamen
843 1745 910 1793 locur
921 1744 948 1793 in
960 1742 1059 1810 epistole

181 1802 213 1852 ad
222 1804 378 1865 Trebatium,
395 1804 434 1854 ubi
448 1819 502 1852 cum
512 1803 542 1852 de
552 1805 720 1867 Epicureorum
731 1804 854 1871 disciplina
863 1808 996 1868 jocaretur,
1011 1812 1060 1857 Ta·

181 1868 243 1917 renti
253 1870 364 1919 meminit
376 1894 385 1927 ς
399 1880 516 1932 tanquam
530 1866 563 1917 ibi
583 1882 611 1917 ca
627 1866 769 1919 docereturt
789 1872 901 1919 iudicavit
915 1874 976 1919 nihi
989 1872 1060 1933 Parsa

180 1946 241 1979 ment
252 1945 272 1980 te
281 1930 410 1996 Epicureum
420 1932 457 1993 effe
465 1933 560 1993 fassum.
576 1949 588 1976 r
603 1930 672 1991 castra
682 1935 784 1996 pretim
795 1942 805 1979 l
821 1935 876 1998 qnid
886 1948 912 1983 tn
917 1932 1004 1998 ftcrffir
1010 1934 1033 1995 fi
1038 1948 1059 1983 tc

183 1998 315 2055 Tarentum,
330 2000 356 2049 ir
367 2014 408 2044 non
417 1998 595 2070 Samarobrivam
609 1996 708 2056 rnfiffnn
721 2004 737 2070 r.
750 1994 817 2060 quod
832 2011 882 2045 non
897 1998 961 2047 milri
994 2012 1059 2072 arum

185 2057 1060 2187 inverisimile&llulllltuliiiluiltillt,itu

186 2198 273 2234 omnes
293 2184 412 2250 scrupulos
427 2187 525 2238 eximat.
573 2200 618 2234 nec
634 2192 715 2234 tamen
733 2192 864 2235 Tarentum
882 2188 1059 2251 intelligimur,

186 2245 268 2304 idest,
285 2250 416 2307 inlocum,
432 2249 471 2299 ubi
485 2248 585 2297 delicate
604 2249 770 2313 luxurioseque
788 2249 913 2299 viveretur.
947 2255 1059 2301 Μαίη.

185 2312 314 2375 vulgatam
324 2312 454 2362 lestionem
464 2313 540 2376 probo
548 2326 634 2374 ,quam
645 2326 732 2360 omnes
742 2313 834 2375 antiqui
844 2310 1021 2371 libriretioent,
1035 2326 1060 2363 ut

186 2368 302 2437 fignificet
315 2371 337 2423 se
347 2376 469 2439 prafetios
481 2376 677 2439 militares,quos
690 2376 778 2450 Appius
786 2374 836 2425 fine
851 2377 955 2438 imperio
966 2381 993 2429 δι
1008 2392 1060 2427 mo·

186 2434 260 2485 tlesiia
270 2438 388 2488 luxuriose
397 2434 522 2494 habuerat,
539 2438 636 2489 militari
647 2437 701 2489 disci
716 2441 768 2487 lma
782 2438 917 2490 cuircuiil‘e.
952 2442 1061 2491 Tarenti·

186 2499 214 2548 ui
223 2501 290 2549 enlm
299 2503 426 2566 voluptarii
436 2505 462 2553 bt
472 2499 589 2558 dissoluti,
601 2516 663 2565 quos
673 2454 800 2551 Atinenaeus
809 2502 880 2553 resert
891 2500 977 2553 seliros
986 2504 1060 2555 dicere

186 2561 239 2611 aliis
250 2562 393 2615 laboriosam
403 2566 493 2623 vitam,
507 2564 549 2613 fibi
559 2565 717 2629 voluptariam
728 2566 826 2629 placere.
848 2570 937 2628 Poprrrr.
971 2572 1001 2617 ln
1014 2567 1059 2617 iroc

185 2622 243 2675 ioco
255 2627 396 2691 explicando
408 2632 433 2678 δι
445 2627 595 2678 emendando
605 2643 703 2693 quoque
712 2629 800 2677 minim
810 2630 836 2677 in
847 2628 951 2679 modum
966 2632 1062 2695 turpiter

188 2688 214 2737 se
223 2687 336 2741 dederunt
353 2693 397 2742 viri
411 2690 547 2742 dosiillimi.
581 2697 646 2755 Quas
660 2707 711 2740 non
725 2691 757 2740 de
778 2696 919 2749 Tarentinis,
936 2695 965 2744 δι
979 2698 1062 2743 nr'lr'rr'r

190 2752 344 2817 prodiderunt
356 2754 466 2820 nugas&
480 2754 587 2805 fabulari
620 2758 710 2805 Nonne
721 2768 769 2811 vos
780 2758 865 2803 militia
878 2756 936 2805 illos
947 2757 1064 2807 admone·

189 2829 215 2864 re
226 2830 318 2879 poterat
330 2820 473 2868 Ciceronem
483 2820 551 2882 loqui
562 2819 592 2867 de
602 2819 706 2867 militum
718 2817 824 2882 quodam
834 2832 935 2883 genere,
951 2822 1063 2886 precipue

188 2892 244 2927 cum
255 2883 341 2930 cicero
352 2895 405 2930 tum
416 2888 585 2945 lmperarorem
596 2886 688 2945 ageret?
704 2882 827 2930 Tarentini
837 2882 892 2933 line
901 2882 955 2934 sunt
965 2884 1056 2949 equites

190 2944 255 2993 leves
269 2943 329 2993 duos
346 2960 421 3008 equos
437 2943 568 3001 babentes,
594 2948 635 3008 qui
652 2947 733 3003 iaculis
747 2936 840 2995 levibus
859 2947 984 2997 irritabant
999 2964 1016 3013 q

189 3008 303 3071 proelium
314 3009 385 3059 instar
402 3010 508 3061 velitum.
542 3008 578 3058 sic
593 3008 650 3057 niul
667 3024 717 3058 non
733 3008 800 3072 quod
818 3012 916 3059 Tarenti
933 3009 1064 3061 conscribe·

191 3085 289 3129 rentur,
306 3072 345 3121 sed
360 3074 425 3136 quod
441 3073 487 3121 hoc
501 3084 586 3138 genere
601 3074 708 3136 equitum
724 3075 796 3136 primi
811 3066 864 3121 sunt
878 3072 913 3122 uli
929 3074 1064 3124 Tarentini.

192 3139 232 3187 De
246 3137 274 3185 iis
289 3134 392 3185 AElianus
402 3136 504 3185 Tasticie
520 3150 571 3199 cap.
578 3152 616 3197 45.
635 3137 680 3183 lin
697 3136 715 3186 ri
733 3136 890 3186 irriserant
907 3138 935 3187 ni
955 3142 1000 3186 'trin
1014 3142 1065 3185 Tre·

191 3202 293 3260 pnvnivrrr
308 3200 482 3258 ἀκροβολισμῶν
502 3217 588 3261 ιχκμα
607 3199 710 3257 nisiostv
726 3198 882 3261 ἀκοντίζω,
906 3203 947 3251 rvr
965 3202 1065 3249 rnartmv

191 3266 283 3336 repriaq
299 3262 568 3343 autumnitateinnqure.
600 3256 679 3320 Trr'prtr
698 3263 751 3345 pig.
772 3265 837 3341 lrpltq
862 3266 989 3343 ξιξιλὶας,
1015 3257 1065 3343 rs'eq

190 3326 657 3450 &23:53ss„zxeoess‘ffiffz‘ssssffi'
665 3326 974 3453 :wsppnqqoqvaqupgr
982 3345 1068 3437 ”1:¹³³

190 3460 236 3501 rear
250 3454 416 3505 Tarentinorum
430 3450 620 3516 Anrnlnirrnn
633 3456 717 3504 enimn
730 3452 859 3514 demuntur
873 3455 1004 3507 cinnlrrnn
1015 3454 1068 3517 ipso·

1020 3531 1069 3569 trra
