2294 3914
179 150 376 217 Errsr.
417 166 489 214 ara
532 153 831 221 Arrrcun.
879 157 954 245 1381

75 260 200 323 intellexi
212 273 303 324 tuum.
343 268 355 313 5
359 271 369 315 ³
379 260 489 337 Oppios
504 262 581 321 enirn
595 260 720 320 deVelia
733 262 865 322 saccones
879 265 956 324 dicit.

77 340 109 397 in
122 358 159 397 eo
174 338 322 397 saaestuavi
336 336 405 395 diu:
426 356 485 414 quo
505 350 626 413 aperto,
645 338 749 414 reliqua
772 340 954 415 repetebant,

79 416 111 473 ἃ
133 433 199 476 curn
220 414 366 473 Terentiae
386 413 493 473 summa
521 413 720 489 congruebant.
758 415 794 473 L.
816 416 956 475 Caesarem

78 492 138 550 vidi
152 492 302 551 Minturnis
315 489 449 549 a.d.vrrt.
464 490 517 549 kal.
532 492 608 549 Febr.
624 490 726 559 mane,
746 509 812 551 cum
828 492 957 551 absurdis·

78 567 152 627 strnis
166 567 318 637 mandatis,
337 584 397 627 non
411 568 558 626 hominem
575 611 584 636 ‚
604 567 649 626 sed
669 568 762 642 scopas
781 568 902 627 solutas:
923 580 956 627 ut

78 644 108 704 id
120 643 210 719 ipsum
224 644 293 701 mihi
316 642 360 703 ille
379 643 505 703 videatur
524 644 654 703 irridendi
675 642 755 702 cauli
769 641 861 703 fecille
876 688 886 715 ,
903 645 954 720 qui

78 721 160 780 tantis
174 720 209 781 de
224 720 302 779 rebus
315 720 381 778 huic
395 719 524 779 mandata
539 720 644 779 dederit
651 742 660 787 ;
682 719 732 778 nili
743 719 815 779 forte
830 740 890 780 non
905 721 955 780 de·

78 796 136 868 dit,
156 797 246 864 &hic
258 797 387 863 sermone
401 798 495 881 aliquo
517 810 626 879 arrepto
640 814 692 877 pro
712 796 847 860 mandatis
861 798 957 934 abusRs

910 894 926 937 e
950 916 958 936 .

75 1091 124 1146 nis,
139 1101 164 1138 ut
175 1089 200 1139 in
212 1091 312 1155 antiqno
326 1090 388 1140 libro
397 1096 453 1142 Ant.
469 1092 590 1158 Augustini
612 1090 723 1158 seriptum
736 1090 786 1150 eli,
801 1091 867 1157 quod
880 1092 954 1143 etiam

78 1152 163 1219 justius
175 1154 302 1204 confirmat
313 1170 343 1202 err
355 1152 491 1207 mutarat.
526 1159 599 1206 cleric.

110 1232 148 1271 52.
164 1216 217 1274 Jaaa
227 1220 345 1277 intranei]
358 1219 403 1267 Hic
420 1234 433 1267 e
450 1219 519 1268 istola
534 1220 625 1270 videtur
636 1217 778 1274 dividenda,
790 1232 838 1274 ne,
854 1234 906 1283 quae
921 1217 953 1269 de

75 1277 202 1336 Labieno,
218 1279 248 1328 de
262 1279 415 1339 mulieribus,
430 1234 461 1333 le
475 1284 628 1343 eonjellura,
644 1283 769 1331 voluntate
786 1282 859 1329 Attici
876 1281 951 1340 dixit,

74 1355 173 1414 repetat.
189 1344 297 1403 accedit,
313 1345 379 1410 quod
396 1346 434 1394 hic
449 1348 551 1411 enigma
568 1346 700 1409 intelligit,
716 1344 782 1410 supra
801 1346 950 1455 interstatetari

74 1404 160 1454 nescit:
176 1405 214 1454 hic
225 1407 312 1464 distat,
328 1407 497 1473 suprascribit:
518 1411 556 1459 hic
568 1408 688 1464 breviter,
702 1407 769 1473 supra
784 1408 879 1472 copioe
895 1408 951 1457 scti-

73 1466 108 1517 bit
123 1485 129 1515 :
145 1481 170 1516 ut
181 1468 219 1519 hie
229 1472 336 1537 epilogus
348 1473 421 1520 etiam
432 1470 530 1535 qnidam
540 1472 614 1525 videri
628 1470 707 1535 pollit.
725 1473 810 1519 cunm.
844 1472 898 1529 Jam
911 1475 949 1517 in·

71 1534 148 1578 tellexi
156 1547 227 1584 tuum.
259 1539 335 1597 Oppios
344 1538 401 1581 enim
411 1536 436 1581 de
448 1538 507 1583 Velia
512 1536 608 1596 saccones
624 1535 698 1592 disin]
719 1540 850 1595 Exaratum
865 1548 950 1599 reppe-

71 1595 103 1643 rit
114 1593 194 1649 Boius
203 1597 229 1645 ln
240 1594 343 1646 Tornael]
359 1599 384 1646 &
395 1597 496 1649 Cxulell.
504 1600 597 1660 saccones
607 1599 677 1645 dicis:
693 1600 719 1647 ln
730 1603 861 1647 Decurtato
873 1599 949 1657 succe·

71 1674 107 1709 nes
118 1661 185 1716 dicit,
195 1660 269 1722 ¹(ruod
279 1660 368 1708 redium
377 1673 452 1725 putat.
485 1660 602 1711 Victorius
613 1674 692 1709 autem
704 1694 712 1717 ,
729 1674 833 1709 veterem
849 1657 949 1723 scriptu·

71 1734 124 1777 tam
134 1722 156 1769 se
166 1720 291 1771 reddidisse
301 1723 395 1781 dicens,
409 1722 441 1772 lic
455 1725 534 1789 legit,
550 1730 626 1787 Oppios
640 1728 697 1771 enim
712 1725 737 1771 de
756 1725 816 1771 Velia
829 1723 948 1782 sanniones.

71 1786 225 1833 Cavalcantls
243 1784 303 1839 libet
317 1820 325 1842 ‚
345 1790 443 1833 Saccones
458 1789 512 1835 dicis
527 1791 550 1833 in
565 1805 587 1835 en
604 1786 652 1846 estu
668 1799 706 1834 aut
720 1789 781 1834 diu:
804 1783 947 1837 Beffationis

70 1848 176 1903 Sanoua
194 1847 268 1900 led&
280 1848 326 1901 hoc
343 1851 454 1897 Manutio
470 1848 561 1899 videtur
576 1852 668 1898 Timeo
686 1850 791 1898 Platonis
810 1848 947 1898 obicuriust

70 1909 108 1958 Sic
118 1923 198 1959 autem
207 1911 248 1961 ille
258 1926 288 1959 ex
299 1913 446 1971 coniebluta,
464 1919 481 1959 0
494 1917 539 1971 pios
557 1915 582 1959 de
600 1915 660 1959 Velia
675 1916 787 1960 Snlneones
797 1914 853 1958 dt'cis
865 1929 873 1967 3
889 1916 913 1958 in
925 1931 948 1959 co

71 1970 162 2028 aestuavi
177 1973 239 2021 diu:
264 1972 419 2037 quodetiam
436 1926 546 2037 probatur
566 1973 661 2025 Ursino.
695 1978 768 2024 cleric.
800 1974 877 2021 Recte
891 1978 950 2023 Ma·

68 2034 150 2081 nutius
166 2035 192 2083 &
206 2032 302 2089 Ursinus
323 2039 441 2086 Salacones.
476 2036 516 2087 Est
539 2038 604 2084 enim
622 2037 731 2085 zardani
746 2038 835 2097 alexit
857 2037 949 2098 ᾰλάξον

71 2095 205 2160 Hesychia:
222 2098 299 2171 qualis
312 2098 353 2147 ille
364 2098 494 2148 ostentator
506 2098 645 2164 pecuniosus
654 2098 694 2151 lib.
702 2114 737 2149 tv.
756 2097 948 2158 adliciennium,

68 2161 152 2224 quales
165 2160 235 2209 muln
246 2159 383 2211 cuniculosae
394 2162 526 2212 Celtiberia
537 2162 582 2211 filii
596 2162 706 2227 privigni.
738 2161 805 2210 ldem
818 2166 949 2213 satanael·

68 2240 118 2277 aaa.
136 2225 247 2273 cic.v11.
270 2230 335 2275 Fam.
350 2242 385 2287 14.
413 2226 477 2274 Illius
492 2227 598 2285 salaconis
614 2228 763 2289 imquitatem.
790 2221 889 2275 Aristot.
911 2240 945 2278 11·

66 2286 177 2337 Rhenad
185 2287 314 2341 Theodelb.
324 2297 359 2339 16.
376 2291 422 2339 Kal
434 2291 535 2349 epaeepnl
546 2286 585 2338 ael
596 2291 729 2339 Σιλάκωνκ
751 2289 776 2349 J.
783 2293 809 2338 F.
817 2293 914 2339 Gronov.

100 2367 112 2406 5
117 2367 138 2405 3.
157 2355 232 2412 Oppius
242 2356 299 2398 ent'm
309 2354 335 2399 de
351 2355 412 2399 Velia
421 2354 554 2411 [uallantem]
585 2355 650 2401 Cum
662 2352 758 2415 vulgata
769 2350 840 2400 verba
849 2351 944 2403 nullam

66 2426 158 2469 eertarn
169 2412 367 2479 significationem
377 2414 493 2471 habeant,
509 2410 612 2478 essetque
622 2418 724 2464 omnino
735 2417 801 2463 locus
812 2413 943 2465 obleutilli-

66 2491 133 2535 mus,
151 2479 176 2527 ἃ
186 2479 228 2541 qui
239 2478 278 2527 vix
289 2478 326 2527 his
339 2478 484 2542 temporibus
494 2478 598 2539 intelligi
608 2475 692 2541 poffit,
709 2494 754 2525 nos
771 2493 824 2526 cum
841 2476 889 2526 fide
900 2493 946 2526 ve·

66 2551 143 2597 terem
154 2539 290 2606 scripturam
301 2540 462 2597 reddidimus,
477 2555 528 2603 qua
542 2540 551 2602 (
562 2538 687 2588 vetilimile
698 2540 748 2602 eli)
766 2554 804 2588 aut
815 2538 904 2589 fincera
915 2540 943 2591 stt

65 2605 92 2653 δι
105 2605 258 2668 incorrupta,
280 2618 319 2653 aut
341 2604 434 2659 sincerae
447 2603 610 2667 propinquior.
635 2604 713 2652 Vilior.
747 2608 823 2665 oppius
837 2605 863 2650 de
881 2606 942 2651 Velia

58 2668 175 2727 fiscanna]
194 2665 316 2716 Libentius
333 2671 444 2715 Salacones
460 2667 560 2729 legerim
575 2681 605 2715 ex
622 2663 756 2719 Aristotelis
770 2665 842 2715 Rbet.
855 2664 895 2715 lib.
905 2681 938 2719 11.

63 2731 90 2787 ἀ
103 2746 133 2780 ex
143 2731 199 2779 loeo
210 2729 280 2781 limili
290 2734 315 2780 in
325 2730 443 2795 epistolis,
457 2743 516 2791 quas
527 2741 614 2779 vocant
624 2729 770 2778 Familiares.
797 2729 869 2785 vrfin.

97 2810 135 2854 54.
151 2793 266 2853 astutae
275 2796 334 2853 dia.]
350 2797 385 2844 sic
396 2796 469 2843 etiam
479 2792 590 2842 omnibus
599 2792 684 2841 litteris
696 2788 843 2855 scriptumest
856 2794 939 2839 inDe·

62 2869 121 2905 eure.
133 2855 259 2921 quomodo
269 2856 292 2904 le
310 2858 398 2906 endum
409 2854 554 2919 iamdudum
563 2854 694 2903 dometunt
701 2855 822 2902 Turnebus
835 2854 876 2905 lib.
884 2870 940 2903 xxr.

61 2933 113 2982 cap.
123 2929 160 2969 1⁶.
183 2921 208 2968 δι
226 2934 280 2968 eum
293 2873 381 2969 icturus
397 2918 546 2977 Lambinus;
567 2919 608 2983 qui
624 2918 740 2982 Hugolini
754 2918 869 2966 Manellii
879 2932 940 2964 con-

60 2982 176 3043 ienuam
188 2997 238 3031 non
250 2981 333 3048 probat
346 2983 474 3047 legendum
484 2983 603 3047 putantis,
619 2985 642 3029 ia
653 3000 674 3027 eo
686 2980 735 3041 astu
744 2993 783 3028 aar
793 2983 847 3035 dia,
862 2977 941 3031 subiu-

61 3045 208 3108 telligendo,
221 3046 276 3104 fui,
291 3048 356 3110 vulg.
367 3052 391 3094 in
401 3065 423 3093 e·
435 3046 483 3103 astu
493 3059 532 3094 aar
543 3048 586 3093 die.
611 3044 700 3093 cleric.

94 3123 131 3165 55·
148 3112 269 3169 Petebant]
299 3114 355 3157 Haec
377 3109 447 3159 verba
473 3107 592 3171 duplicem
617 3105 707 3156 sensum
733 3106 886 3161 admittunt,
912 3107 940 3155 ἃ

60 3184 189 3236 utrumque
200 3173 254 3225 huic
265 3176 320 3222 loco
331 3170 490 3223 necelsatium.
506 3170 639 3235 significant
649 3172 714 3218 enim
723 3174 762 3226 ,de
776 3182 852 3217 cetera
862 3170 942 3216 mani-

61 3234 122 3289 resta
141 3250 222 3291 erant,
238 3232 445 3299 &agnoscebatur
461 3233 574 3284 debitum.
592 3248 635 3296 pro
644 3240 676 3294 Q.
688 3234 776 3283 Rolcio
788 3247 819 3282 rr.
837 3238 884 3279 Non
898 3235 940 3279 bn·

61 3300 108 3346 bere
114 3299 138 3358 se
148 3303 184 3346 lanc
196 3317 270 3347 nomen
282 3302 305 3345 in
317 3290 384 3344 colline
396 3301 473 3358 accepti
484 3299 510 3348 (φ
527 3297 607 3360 expenfi
613 3329 621 3351 ‚
632 3297 705 3356 sedin
721 3297 855 3356 adoerfitrt't't
865 3306 938 3357 patere

62 3361 160 3419 ostendit.
178 3361 237 3413 Phil.
247 3377 280 3410 11.
289 3377 326 3417 37.
343 3363 389 3407 vii
399 3361 427 3418 est
433 3361 510 3422 septies
520 3362 602 3407 millies
618 3363 670 3414 HS,
681 3362 738 3422 qaod
746 3373 804 3421 patet
815 3362 839 3406 in
849 3360 939 3415 tabulis,

60 3440 107 3491 qne
114 3426 167 3486 sunt
177 3426 207 3472 ad
217 3430 281 3488 opis,
297 3422 382 3473 scilieet
392 3437 417 3471 te
427 3424 525 3470 malum.
543 3422 623 3472 Catul.
636 3426 763 3477 Carinae.

200 3492 231 3538 Et
242 3489 346 3553 quidnam
354 3491 421 3538 niam
431 3487 512 3537 rabulis
524 3498 581 3548 patet
591 3486 681 3551 expctfi.
731 3485 754 3552 J.
761 3488 787 3537 Β.
794 3488 905 3535 Gronov.

482 3553 575 3606 Treta
823 3556 860 3606 5⁶·
878 3545 944 3609 Qid
