2294 3914
176 140 367 219 ΕΗΗ·
406 159 478 219 AD
521 143 825 220 Asflcvnr.
867 146 950 230 1385

64 254 166 329 §absuri
181 252 259 313 fuisse
272 252 439 311 dicebantur.
467 253 531 311 sane
552 252 671 314 multbm
693 257 723 322 in
740 273 775 314 co
790 254 949 331 reipublicae

88 331 209 391 rovisum
227 330 274 390 est.
312 330 358 387 De
373 330 531 389 mulieribus
545 332 658 399 nostris,
678 333 708 389 in
727 331 825 409 quibus
848 329 885 387 cll
899 340 948 389 tua

58 347 163 477 soror,
183 408 278 485 quaeso
292 406 410 479 videas‚
430 420 460 465 ut
481 406 541 465 satis
560 408 709 467 honestum
731 408 810 467 nobis
832 406 883 475 sit,
902 422 948 473 cas

68 484 174 556 Romae
189 482 261 557 else,
282 481 347 540 clim
363 487 462 541 ccr'erae
476 484 530 540 ulla
545 484 677 559 dignitate
692 480 872 543 disccllerint:
890 480 947 540 hoc

67 558 158 637 scripsr
173 562 207 620 ad
222 579 284 637 caS,
305 561 334 617 &
348 559 382 617 ad
396 571 424 617 te
439 559 527 635 ipsum
543 576 633 620 antea.
662 562 765 632 velim,
785 578 830 619 eas
844 558 947 617 cohor-

67 645 152 707 tere,
172 652 202 696 nt
224 648 347 701 exeant;
381 635 530 711 prasertim
553 638 617 696 clim
645 655 677 696 ea
698 635 713 678 d
720 638 821 713 praedia
842 637 872 694 in
895 637 973 693 orad
989 642 1081 718 ieame-

69 716 207 772 maritima
222 714 390 780 habeamtrs,'
407 714 452 770 cui
466 730 520 787 ego
534 716 671 788 praesum,
691 728 720 772 ur
743 716 770 773 in
784 714 825 771 his
841 730 892 788 pro
912 729 942 769 re
958 692 1069 777 ”sbffn

69 803 132 847 nata
145 809 205 861 non
220 788 404 852 incommode
419 788 519 865 possint
534 788 596 848 elle.
635 809 700 849 nam
722 790 742 848 si
762 790 829 867 quid
850 788 941 847 ollen-
956 766 1068 831 prendre

70 864 175 935 dimus,
196 868 225 924 in
238 884 342 942 genero
364 866 481 933 nollro;
503 867 580 943 qnod
602 867 716 943 quidem
740 884 793 941 ego
816 866 941 941 praellare

69 950 147 1017 ‘non
163 944 261 1001 debeo
289 942 336 1000 sed
356 942 385 998 id
407 941 437 999 fn
458 944 570 1019 majus²
591 941 670 1019 quod
691 943 818 1001 mnliercs
840 942 940 1000 nollrae
956 962 970 994 e
986 962 1048 995 nunc
1074 1007 1079 1019 Ι

86 1033 167 1077 raeter
183 1033 285 1077 ceteras
299 1020 403 1077 Romae
417 1020 612 1079 remanserunt.
649 1019 748 1095 tuipse
764 1037 829 1077 cnm
846 1019 942 1087 Sexto,
955 1008 1051 1085 cebro,
1072 1004 1098 1059 ¹⁶¹

65 1032 133 1152 fcire
149 1096 233 1153 velim
250 1138 258 1164 ,
277 1095 344 1171 quid
365 1096 469 1168 cogites
490 1096 525 1153 dc
546 1085 675 1155 creun'do
692 1140 701 1165 ,
721 1097 756 1155 de
778 1094 892 1171 torique
912 1113 942 1153 re
956 1076 1046 1123 Μ·

66 1172 136 1245 qnid
151 1173 295 1229 exirlimes.
315 1170 343 1223 ⁶3
355 1171 485 1247 equidem
507 1190 604 1248 pacem
626 1174 728 1231 hortari
748 1192 806 1230 non
830 1172 941 1230 alesino:

60 1262 134 1380 Parae
150 1248 194 1304 vel
208 1248 303 1323 injusta
319 1247 412 1304 utilior
427 1248 484 1318 est,
504 1249 590 1325 quim
605 1250 816 1325 ⁶4justillrmum
830 1248 944 1323 bellum

73 1324 113 1401 ejd
131 1324 213 1395 hacc,
232 1339 263 1383 ut
276 1326 333 1397 fors
348 1324 448 1384 tulerit.

328 1517 681 1579 narsronnxta

199 1681 805 1742 CICEROATTICOS.
966 1700 1074 1751 Rom.

49 1834 142 1941 UT
157 1834 190 1891 ab
204 1834 270 1893 urbe
292 1834 417 1906 discessi,
436 1836 542 1895 nullum
573 1836 663 1895 adhuc
685 1834 815 1895 intermisi
837 1836 937 1909 diem,

131 1912 199 1984 quin
213 1911 315 1987 aliquid
330 1914 365 1970 ad
379 1926 408 1970 te
420 1914 571 1971 litterarum
587 1914 698 1981 daren1;
720 1932 778 1972 non
800 1912 875 1988 fquo
889 1915 937 1971 ba·
949 1923 1019 1979 farn¹

45 1980 159 2047 berem
174 2003 361 2061 magnopere,
381 1988 448 2063 qnid
461 1988 604 2051 scriberem
613 2012 622 2055 ;
643 1987 689 2047 sed
705 2002 734 2046 ut
753 1990 881 2063 loquerer
896 2004 937 2046 te·
949 1990 1022 2051 quod.

48 2080 129 2123 cum
145 2062 252 2120 absens:
273 2079 332 2141 quo
346 2064 440 2135 mihi,
460 2063 524 2123 ciam
540 2082 637 2123 coram
650 2064 679 2123 id
697 2084 758 2122 non
772 2066 875 2134 alicet,
894 2067 963 2201 Ἦύς
978 2080 1058 2133 liceret

290 2152 293 2157 ⁴
437 2148 440 2153 '
923 2142 926 2151 '
948 2145 998 2195 alii.

93 2299 133 2341 62.
150 2295 289 2355 Eruprr‘onem
294 2294 381 2353 fallari
391 2294 458 2357 furffe
467 2296 610 2355 dicebantur]
624 2300 689 2348 Ante
700 2296 797 2345 verbum
807 2298 937 2360 eruptionem

56 2354 259 2467 inmaniuscripho
270 2357 303 2405 est
313 2360 361 2415 bis,
377 2374 421 2423 pro
438 2375 487 2423 quo
509 2362 534 2408 in
550 2360 611 2410 libro
627 2361 741 2425 Longolii
754 2358 865 2424 scriptum
880 2357 937 2422 est,

58 2435 109 2467 cum
126 2422 163 2466 iis.
196 2424 228 2467 Ur
249 2437 271 2468 n.

91 2489 130 2535 63.
149 2486 256 2546 Equidem
266 2487 295 2530 ad
302 2498 373 2547 pacem
385 2487 488 2545 hortm]
502 2486 596 2536 Balliol.
609 2491 634 2536 ὃ(
646 2484 745 2534 Helmst.
764 2490 839 2533 Pacem
848 2487 938 2549 quidm

55 2547 148 2603 bertari.
190 2545 284 2601 Scribe:
307 2550 413 2611 Equidem
427 2562 498 2611 pacem
508 2553 599 2598 hortari.
632 2552 667 2597 Sic
683 2551 761 2595 bellam
777 2552 861 2595 bertari
876 2548 938 2613 apud

56 2606 175 2683 Iustinum
187 2624 238 2667 arv,
252 2626 271 2659 r.
294 2625 320 2659 ut
331 2610 370 2659 ubi
379 2626 409 2674 ert
418 2616 482 2661 MSS.
490 2611 584 2661 restitui.
604 2612 674 2662 ovid.
687 2612 712 2659 in
722 2626 759 2674 ep.
773 2614 861 2659 Herus:
878 2616 937 2673 cupio

56 2690 97 2719 nen
109 2674 234 2734 perseradere
246 2677 303 2736 quod
318 2679 397 2723 lrrrror.
416 2675 467 2732 cie.
481 2691 516 2727 vr.
533 2674 564 2723 ad
574 2676 647 2726 Attic.
660 2693 682 2724 2.
704 2676 761 2737 quod
771 2676 857 2736 quidem
868 2677 935 2720 illum

51 2736 109 2797 fiseo
126 2736 218 2784 bertari.
234 2740 265 2783 Et
276 2752 337 2787 vrri.
355 2737 385 2786 ad
396 2739 468 2789 Attic.
476 2755 498 2794 2.
515 2746 566 2795 Cum
576 2753 647 2785 aurem
659 2740 688 2785 aes
699 2754 744 2783 eam
756 2740 852 2783 hortarer
863 2768 872 2792 ,
887 2755 937 2783 eum

53 2800 171 2860 prasertim
185 2802 308 2855 hominem,
323 2819 362 2847 nm
373 2802 464 2863 videbar
475 2804 520 2848 ullo
536 2804 597 2848 mode
611 2804 701 2858 facilins
716 2813 823 2854 moturas,
838 2801 937 2863 quamfi

56 2862 99 2924 sti,
115 2863 174 2922 quod
189 2866 360 2919 cumbermere,
377 2868 486 2911 convenire
499 2866 659 2977 ejurfflientie
675 2866 772 2912 dicerem.
792 2864 828 2911 Sic
839 2862 934 2915 Balliol.

56 2922 159 2972 Helmst.
171 2926 196 2973 δι
209 2929 230 2979 S.
242 2923 293 2973 Bos.
306 2938 333 2973 ac
345 2930 412 2975 Grut.
421 2926 475 2976 cdd.
483 2934 552 2977 Veto.
564 2930 624 2976 iores
635 2944 690 2977 vero
702 2926 798 2977 victorii
805 2960 812 2983 ‚
820 2927 936 2985 Mamali,¹

56 2990 121 3045 Bruti
136 2988 220 3035 male:
236 2989 265 3033 ad
276 2990 333 3051 qued
342 3006 390 3035 errm
405 2993 507 3041 hortarer.
541 2994 653 3041 Gravius.

88 3058 126 3109 ⁶4·
144 3051 286 3111 Jer'srffimam
297 3052 394 3109 belluna]
410 3054 446 3100 nl.
457 3055 536 3100 sellem
551 3072 598 3102 cum
615 3056 706 3103 civiles.
723 3051 800 3105 resse,
817 3067 847 3100 ne
858 3052 931 3100 vitio·

55 3110 78 3161 se
89 3114 181 3163 dislum
192 3113 238 3162 esse
249 3113 363 3164 videatur.
384 3112 431 3178 ipse
446 3129 554 3178 praeterea
570 3118 651 3181 Philip.
666 3132 696 3166 ιι.
714 3116 747 3163 ita
758 3112 842 3163 scribit:
860 3118 929 3162 omnis

55 3183 111 3225 milri
123 3192 169 3240 perr
177 3194 224 3223 eum
236 3179 319 3224 civibus
329 3180 381 3224 bello
391 3181 458 3225 civiti
467 3183 545 3227 utilior
555 3184 675 3228 videbatur.
699 3177 798 3227 carrad.
832 3178 928 3229 Ballio!-

54 3239 194 3306 &Helmst
212 3240 355 3301 Jretsifflmum
365 3242 444 3286 bellum
455 3244 478 3289 in
489 3244 598 3293 er'or'lr'brrs.
632 3242 677 3291 Sed
693 3247 715 3289 in
735 3242 839 3288 civilibus
856 3243 931 3291 inter·

68 3308 158 3355 retario
175 3301 207 3350 est
223 3306 319 3361 alicujus
335 3302 458 3367 magistri,
480 3308 521 3367 qni
543 3305 572 3354 ad
591 3309 724 3370 marginem
740 3306 789 3352 bac
807 3304 933 3356 asseverat.

48 3316 148 3418 xtticus
160 3367 225 3413 enim
241 3366 390 3430 intelligebat
407 3368 498 3430 optime
513 3366 543 3416 dc
558 3370 604 3417 boc
619 3368 684 3417 bello
706 3368 769 3415 civili
786 3366 929 3417 Ciceronem

45 3428 135 3495 loqui,
153 3444 203 3475 non
214 3427 242 3475 de
254 3431 318 3487 aliis,
336 3445 387 3494 quae
398 3442 437 3478 aut
449 3446 492 3495 pro
503 3432 619 3495 dignitate
629 3446 668 3483 aut
679 3429 753 3485 salute
763 3432 858 3495 imperii
875 3445 933 3484 cum

45 3489 298 3561 exterisgetebantflur.
331 3498 440 3559 Gravius.

53 3560 80 3569 ''
164 3562 172 3571 '
473 3560 565 3615 Terr5
816 3568 853 3615 σς.
869 3557 935 3619 Qus
