2294 3914
226 139 287 206 994
426 117 619 185 uniri
660 119 899 186 Pniuus
970 144 978 170 ν

192 247 218 298 S.
228 239 271 285 ter
295 221 326 282 &
346 220 520 300 prudenterz
541 222 572 283 δι
591 221 720 285 mamers
740 223 857 285 consiliis
885 224 955 284 ratio
975 236 1024 285 tua
1049 227 1113 287 noti

231 300 375 361 abhorret:
397 299 476 376 (narn
490 315 583 376 neque
605 299 640 359 de
661 300 730 360 statu
749 303 829 361 nobis
850 301 951 360 nostrae
971 301 1114 378 dignitatis

123 399 188 448 ,χχ
232 376 271 436 est
285 375 492 446 recedendum,
511 395 605 454 neque
619 374 787 437 smenostris
809 379 897 453 copiis
917 378 987 436 intra
1000 379 1114 439 alterius

79 467 188 535 „912sp
232 451 379 529 npraesidia
392 452 581 512 veniendumt
601 454 678 524 dtis,
698 454 733 514 de
747 471 806 531 quo
817 453 923 522 scribis,
942 454 1013 513 nihil
1026 455 1115 529 habet

79 532 206 585 diumMS·
233 531 377 606 amplum‚
395 529 464 591 nihil
478 529 635 600 excelsum,
653 530 721 590 nihil
746 544 806 590 non
827 519 998 588 summiffum
1026 543 1114 608 atque

232 608 378 683 populare)
397 613 593 666 verumtamen
612 607 666 665 fuit
683 608 754 666 ratio·
773 605 843 666 mihi
864 598 973 665 sortaiie
986 603 1023 664 ad
1036 619 1115 668 tran·

234 684 398 760 quiliitatem
412 696 542 742 meorum
556 696 718 759 temporum
731 702 792 742 non
805 683 923 750 inutilis;
942 681 989 740 sed
997 684 1115 744 meher-

83 797 170 836 „mm
234 760 298 818 cule
311 761 468 836 reipublicae
487 759 579 825 multo
601 760 684 819 etiam
704 760 820 828 utilior,
839 757 926 835 quim
942 758 1029 829 mihi,
1050 762 1115 820 σεῖό

68 878 70 882 .
86 840 146 914 im'p.
156 847 211 896 MS.
236 837 316 895 vium
329 837 523 912 improborum
536 837 657 913 impetus
669 837 699 895 in
712 854 759 895 me
780 836 891 911 reprimi
907 879 915 906 ,
936 834 1002 893 cinn
1016 837 1115 896 homi·

237 912 279 972 nis
293 913 455 989 amplitiima
472 913 600 983 fortuna,
620 911 806 981 austeritate,
842 913 909 970 ratia
928 910 1115 982 fluduanteni

237 988 401 1049 sententiam
415 985 635 1058 confirmassem,
655 988 686 1048 &
699 986 716 1047 *a
730 929 921 1065 spemaiorum
935 989 970 1047 ad
984 1004 1115 1050 mearum

120 1094 152 1145 ali
187 1103 201 1142 α
239 1080 332 1124 rerum
346 1065 458 1125 laudem
471 1062 675 1125 convertissem.
713 1065 791 1143 quod
804 1064 825 1123 fi
839 1083 906 1124 curn
919 1064 1032 1143 valiqua
1046 1067 1117 1128 levi-

88 1110 149 1207 ΞΜ
176 1161 200 1207 in
240 1153 298 1200 tate
313 1143 382 1201 mihi
395 1141 555 1202 faciendum
568 1139 676 1212 fuiffet,
694 1141 798 1209 nuilam
813 1159 874 1200 rem
894 1144 964 1201 tanti
985 1140 1117 1204 aestimas·

89 1225 143 1275 MS.
242 1217 316 1287 sem;
338 1219 405 1277 ²sed
425 1229 521 1277 tamen
541 1217 558 1278 d
579 1236 626 1279 me
645 1220 684 1278 ita
702 1218 762 1277 adia
782 1218 843 1277 sunt
862 1219 983 1289 onmia,
1002 1236 1066 1280 non
1086 1232 1118 1279 ut

245 1312 299 1370 ego
313 1295 353 1354 illi
365 1293 508 1354 assentiens
521 1295 628 1366 levior,
646 1293 693 1354 sed
706 1306 737 1354 ut
749 1295 794 1354 iile
809 1312 857 1352 me
872 1296 990 1371 probans
1002 1297 1116 1370 gravior

152 1390 153 1395 ¹
242 1372 390 1430 videretur.
429 1371 546 1448 Reliqua
566 1371 602 1431 fic
623 1371 640 1432 a
661 1388 709 1430 me
731 1383 847 1449 aguntur
873 1374 903 1431 δε
923 1382 1068 1448 agentur,
1086 1382 1117 1434 ut

242 1466 303 1506 non
319 1450 543 1519 committamus,
563 1461 595 1508 ut
609 1468 659 1519 ea,
678 1467 743 1527 quae
755 1448 900 1524 gestimus,
920 1448 1038 1508 fortuito
1059 1448 1118 1526 ges·

93 1548 168 1600 μσς
186 1580 192 1595 ,
243 1519 301 1583 fiffe
314 1525 466 1584 videamur.
491 1533 615 1585 aameos
635 1527 725 1586 bonos
745 1527 836 1594 vlros‚
854 1525 917 1584 illos
930 1543 1001 1602 quos
1014 1524 1118 1603 fignrfia

93 1601 165 1650 MSS·
242 1616 303 1668 cas,
324 1603 448 1672 &eam,
467 1620 553 1682 quarn
568 1602 637 1661 mihi
650 1602 716 1662 dicis
729 1600 868 1678 obtigiffe,
888 1608 1014 1672 σπάρταν
1059 1620 1118 1664 nou

195 1700 197 1711 ¹
244 1676 334 1736 modo
349 1697 504 1756 numquam
518 1678 640 1738 deseram
648 1702 657 1748 ;
677 1679 838 1749 sedetiam,
859 1678 948 1754 sreg'o
961 1679 995 1737 ab
1008 1643 1057 1737 ilia
1070 1679 1118 1738 de-

245 1752 333 1823 serar,
353 1769 448 1815 tamen
461 1758 492 1817 in
506 1774 569 1815 mea
582 1756 690 1831 pristina
703 1756 837 1815 sententia
849 1755 1033 1832 permanebo·
1052 1754 1118 1815 iilud

94 1848 164 1901 1th
175 1839 360 1912 opti-tamen,
379 1834 489 1904 velim,
510 1833 670 1903 existimes,
689 1848 737 1891 me
748 1833 822 1892 hanc
832 1835 909 1892 viana
920 1832 1121 1906 rapumatium

94 1918 213 1984 matum·
247 1906 309 1988 post
323 1910 414 1969 Catuli
428 1921 551 1970 mortem
565 1927 619 1968 nec
633 1909 758 1985 praesidio
771 1909 846 1980 ullo,
865 1924 920 1970 nec
934 1910 1074 1968 comitatu
1080 1920 1121 1968 te·

97 1975 150 2022 MS·
162 1984 226 2038 ⁰1⁸¹·
248 2002 325 2048 nere.
351 1996 456 2059 anam,
475 1999 507 2046 ut
519 1988 558 2045 ait
569 1986 712 2056 Rhinton,
732 1997 764 2043 ut
776 1988 895 2082 opinor,

165 2071 173 2086 ⁸
291 2064 327 2121 Or*
348 2067 398 2134 μὲν
423 2056 480 2134 παρ’
500 2061 575 2122 ὄυδέν
589 2060 671 2132 εἰσιν,
690 2057 727 2128 οἷς
745 2063 769 2120 δ’
783 2061 854 2120 audiv
869 2066 959 2134 μέλει.

250 2143 320 2201 mihi
332 2138 402 2196 vero
416 2152 447 2198 ut
460 2139 603 2200 invideant
612 2139 748 2272 Kiscinarii
761 2139 845 2199 nostri
859 2181 868 2208 ,
887 2152 935 2199 aut
954 2135 1072 2199 sentam
1087 2132 1122 2199 ad

248 2229 277 2276 te
292 2214 380 2284 aliie,
400 2227 447 2274 aut
462 2218 492 2276 in
506 2232 610 2291 congre
632 2230 681 2273 una
695 2215 818 2274 nostrum
838 2214 990 2274 reservabo.
1031 2217 1060 2274 A
1076 2234 1126 2274 cu·

226 2326 228 2333 ,
247 2294 287 2351 ria
306 2303 402 2350 autem
416 2292 491 2350 nulia
505 2309 552 2350 me
572 2308 614 2350 res
636 2291 769 2351 divellet:
789 2292 836 2350 vel
856 2289 934 2368 quud
953 2293 992 2351 ita
1014 2292 1123 2351 retium

181 2400 197 2431 A
245 2368 302 2430 esta
322 2367 369 2428 vel
388 2367 468 2443 qudd
486 2369 567 2428 rebus
586 2369 656 2428 meis
677 2366 800 2427 maxime
821 2368 1058 2428 consentaneum:
1078 2368 1128 2427 vel'

1045 2443 1126 2523 quid

281 2652 304 2691 2.
321 2640 367 2688 Sed
374 2650 446 2686 tamen
455 2653 470 2683 a
478 2654 511 2686 me
522 2641 555 2688 ita
563 2637 612 2686 aua
617 2639 670 2700 sunt
680 2639 773 2697 omnia]
801 2637 905 2687 Fa'e'rnus
916 2634 1012 2686 delebat
1024 2636 1124 2688 verbum

249 2715 335 2753 tamen:
353 2705 378 2751 &
389 2700 471 2767 paullo
481 2696 534 2766 post
538 2703 602 2764 scida
610 2701 719 2768 legebat,
735 2715 779 2765 pro
784 2703 869 2762 scaeda.
901 2699 1006 2750 Urfinus.

212 2814 214 2819 ,
285 2783 307 2822 3.
323 2769 384 2812 Meos
392 2767 453 2812 bonos
464 2770 545 2821 viros,
560 2767 611 2812 illos
620 2781 672 2828 quos
683 2765 826 2828 fignffiaavid
841 2763 1014 2827 Manuscriptus
1024 2761 1127 2813 habeti»

208 2834 222 2853 ⁸
249 2830 312 2880 hms
322 2832 396 2884 viros,
413 2840 438 2876 ut
448 2825 555 2876 videatur
568 2828 695 2891 legendum
705 2831 755 2875 dein
765 2844 811 2883 eos,
827 2828 871 2879 dac.
904 2826 980 2876 Idem.

283 2909 308 2951 4.
323 2898 382 2940 Nam
390 2903 417 2938 ut
425 2893 583 2956 uirtutium]
599 2892 673 2940 l’o'eta
682 2891 721 2940 hic
731 2892 835 2940 comicus
848 2887 910 2945 fuit,
927 2889 1003 2954 patria
1013 2888 1128 2938 Tarenti·

187 2984 194 2995 ι
252 2969 306 3006 uua.
340 2951 579 3004 Aehenaeuolibau.
605 2957 780 3011 Διιπνοσοφιςιῖν
799 2947 876 3017 ipsum
890 2953 947 3000 citat
962 2953 987 3000 in
1003 2949 1128 3000 comoed'ra

254 3016 445 3083 Amphittyone:
464 3014 572 3064 adhunc
586 3015 717 3065 Rhintonis
732 3015 874 3066 senariolum
888 3017 939 3063 vice
956 3013 1077 3078 proverbii
1095 3016 1130 3074 ja·

240 3133 242 3136 ,
256 3078 366 3137 naum,
381 3091 441 3146 puto
455 3082 492 3129 Μ.
503 3076 738 3131 Vanonemlib.1rr.
754 3080 819 3130 dere
833 3075 929 3127 Rustica
938 3077 1058 3134 alludere,
1073 3091 1129 3126 cum

257 3139 350 3208 inquit:
366 3146 427 3200 Quis
436 3155 509 3191 cotnra
518 3159 572 3190 nuuc
585 3146 681 3208 Rhinton
690 3162 730 3191 non
741 3145 795 3191 dicit
805 3144 848 3204 sua
857 3145 914 3189 nihil
925 3142 1017 3203 intereffe
1028 3175 1036 3197 ,
1055 3155 1129 3189 mrum

256 3207 292 3253 his
304 3208 395 3270 pastibus
401 3207 502 3270 stagnum
515 3208 589 3253 habeat
601 3208 699 3268 plenum,
715 3224 743 3254 aa
757 3210 825 3256 ranis.
858 3204 940 3255 Nostri
950 3204 1038 3254 librarii
1051 3201 1131 3254 secun·

168 3319 169 3322 ,
249 3266 315 3318 dam
326 3279 411 3320 vocem
419 3271 489 3327 huius
497 3267 575 3319 versus
581 3267 747 3334 depravarunt.
767 3280 811 3335 pro
821 3269 865 3328 μὶν
879 3270 945 3317 enim
957 3271 1023 3324 nadad
1038 3265 1133 3334 scr'ose·

258 3343 326 3380 tunt:
340 3334 415 3399 turpi,
430 3331 470 3384 sed
481 3330 609 3383 manifesto
618 3347 704 3386 errato.
721 3336 833 3382 tamnus.
866 3331 926 3380 Vide
939 3333 965 3378 δε
981 3329 1073 3382 Poiiue.
1091 3329 1131 3381 lib.

257 3396 382 3507 ainzu.
414 3396 767 3450 undantemundantem
776 3394 909 3461 melinae
919 3392 996 3445 sumn
1012 3398 1132 3445 nonam.

244 3552 248 3561 ·
275 3560 281 3567 .
317 3561 322 3567 .
1053 3536 1077 3580 2.
1092 3519 1136 3569 sm
