2294 3914
165 116 363 195 Errare
405 132 475 181 au
518 120 937 205 maritumum

57 220 128 287 cum
140 224 263 299 imperio
280 266 289 294 ‚
311 222 406 283 Graeci
419 220 495 301 quasi
507 222 629 299 Ephefio
643 226 757 299 praetori
778 224 821 283 lic
841 226 964 297 altercat
978 252 1008 297 η
1022 244 1074 295 m.

17 303 22 372 l
61 300 242 371 obtulerunt,
263 318 298 359 ex
313 311 415 377 quote
429 298 581 375 intelligere
596 299 673 360 certo
693 300 768 371 scio,
788 302 945 360 multorum

17 374 22 456 l
65 396 206 439 meorum
220 375 251 417 ⁸0
259 376 457 436 ostentationes
479 393 555 435 meas
577 396 653 437 nunc
675 378 705 437 in
727 378 874 437 discrimen
892 375 949 434 effe

64 452 206 516 addufitm.
224 452 288 525 sed,
309 468 340 512 ut
353 454 431 529 spero
447 496 457 523 ,
475 466 588 512 utemur
610 473 642 514 ea
664 455 803 531 palaestra,
824 469 909 531 quam
929 450 948 509 a

63 541 95 593 te
110 530 277 598 didicimus;
298 528 481 607 omnibusque
495 530 707 599 satisfaciemusr
729 532 758 589 ὅ(
773 548 809 589 co
824 526 947 597 facilius,

59 606 149 675 ,ιιὸᾶ
169 606 200 667 in
221 607 311 666 nostra
330 607 475 682 provincia
501 604 528 647 ⁸¹
540 607 678 667 coufeclae
705 606 767 667 sunt
796 608 949 683 pactiones.

20 715 23 722 ·
106 682 126 743 d
145 682 304 754 hactenus,
323 682 473 759 prasertim
498 684 564 743 clun
587 685 709 743 coenanti
725 685 795 743 mihi
809 687 949 743 nuntiaret

65 758 223 830 ⁸Catilius,
243 762 271 818 le
286 760 322 819 de
338 759 422 821 nocte
444 760 585 838 proficisci.
625 762 691 821 Tua
713 762 826 837 negotia
846 759 1074 837 Ephelissextim

67 852 146 897 curae
160 838 231 895 mihi
245 838 373 897 fuerunt:
394 838 581 914 Tiretmoquc
598 880 607 907 ‚
625 837 735 897 tametsi
756 857 820 897 anre
842 842 1045 914 adven-Mepst-

68 924 133 973 tum
156 931 255 972 meum
275 913 455 974 liberaliil'rme
484 928 541 973 erat
562 914 699 989 pollicitus
726 916 778 973 tuis
802 902 1042 985 omnibus,⁵‘l¹⁰⁸

70 1002 172 1052 tamen
188 989 217 1031 ⁸²
225 992 408 1070 Philogenem
423 990 677 1067 &Sejumtradidia
698 969 1011 1129 ⁸3Apollonidi1en-“m

905 1088 952 1131 em

74 1254 149 1311 raum
158 1260 242 1310 certius
253 1259 297 1309 ime
307 1254 476 1308 emendatione
487 1264 581 1324 Popma
595 1278 604 1317 ,-
635 1272 670 1308 uae
684 1272 768 1308 tamen
783 1253 880 1309 debetur
896 1264 954 1310 Mu·

74 1330 131 1373 reto
144 1356 152 1379 ,
167 1324 209 1387 qui
219 1321 250 1371 fic
260 1322 388 1387 legendum
399 1325 520 1387 pracepit,
535 1328 588 1371 Var.
601 1324 623 1371 le
649 1338 760 1379 .xrv,11.
781 1328 847 1372 Nam
858 1326 954 1376 Balliol.

76 1385 213 1437 alelmum
232 1387 321 1436 avite.
337 1391 361 1435 P.
369 1390 463 1435 Manut.
481 1387 568 1450 aliique
579 1398 635 1435 vett.
648 1386 703 1434 edd.
713 1389 738 1435 &
755 1387 827 1435 libri:
843 1404 958 1435 vertuma-

77 1466 130 1498 με»
139 1450 166 1495 de
176 1452 276 1498 cananis
286 1448 336 1498 fine
345 1466 399 1499 cum.
433 1453 499 1497 Nam
509 1463 563 1497 cum
574 1445 657 1497 sciolus
669 1450 767 1513 quidam
784 1452 904 1514 ignoraret
919 1454 960 1498 de-

79 1528 183 1561 cmnas
195 1547 202 1569 ‚
219 1508 295 1561 noffet
307 1528 363 1561 vero
375 1513 400 1561 in
412 1512 457 1559 illo
471 1512 546 1561 trastu
557 1509 616 1559 Alia
628 1516 717 1560 Cumas
727 1510 795 1569 iiras,
812 1516 920 1575 quamvis
928 1512 957 1562 fit

80 1574 138 1624 iubs
149 1578 230 1625 AEoliae
242 1592 293 1625 non
303 1575 379 1639 Joniae
391 1610 399 1632 ,
414 1574 491 1623 divifit
503 1576 564 1623 hauc
580 1589 684 1633 vocem,
705 1576 842 1625 accredidit
861 1579 959 1626 cicero·

81 1652 143 1687 meru
152 1638 214 1705 apud
224 1642 349 1687 Cumanos
360 1652 457 1702 quoque
466 1635 546 1695 faille,
563 1639 672 1701 quamvis
683 1636 736 1687 satis
747 1640 821 1703 longe
830 1642 919 1688 remoti
928 1642 959 1689 il-

81 1699 159 1751 liiint
170 1700 200 1751 ab
211 1703 307 1759 itinere,
325 1701 390 1766 quod
402 1703 488 1750 Cicero
499 1701 618 1765 sequitur,
640 1704 666 1750 ἃ
684 1714 792 1765 preterea
810 1710 898 1751 cumaei
914 1719 960 1766 pu·

81 1764 131 1813 tim
146 1762 238 1814 dixiiset
249 1768 335 1814 Cicero
354 1765 422 1827 hujus
439 1762 544 1815 Afiaticae
559 1764 622 1813 urbis
637 1766 748 1821 incolas,
762 1780 835 1829 quam
848 1774 959 1816 centanas.

83 1828 121 1877 δῖε
131 1829 213 1893 itaque
223 1826 294 1878 scribe
306 1846 312 1876 r
328 1843 476 1877 verumtamen
490 1832 603 1877 decumani
617 1844 642 1875 ac
652 1829 674 1887 st
688 1829 789 1889 veniisem
804 1847 852 1875 cum
864 1834 962 1893 imperio.

85 1890 120 1939 πῖ
129 1892 173 1951 aest
188 1888 284 1956 vestigia
294 1892 358 1941 elata
367 1890 422 1941 satis
433 1893 508 1940 latent
520 1892 545 1941 in
556 1895 692 1939 urcumanis.
710 1890 741 1940 src
752 1894 824 1954 paulu
835 1892 886 1955 pust
897 1890 962 1943 idem

79 1951 140 2013 fere
150 1956 285 2020 virigenus
296 1954 386 2003 oblidet
398 1954 492 2003 Balliolr
509 1953 640 2003 lielmstad.
653 1954 774 2018 pluresque
785 1955 886 2003 vetustos
897 1956 966 2003 codi-

86 2026 128 2067 ces
138 2018 215 2074 alios,
229 2020 255 2067 iu
267 2017 350 2082 quibus
360 2018 458 2083 legitur:
476 2018 561 2079 Epiresto
569 2022 666 2079 preterit
677 2020 870 2072 eaaiacres3eu1u
881 2031 963 2067 tamen

86 2079 269 2131 inedirionibus
285 2080 347 2129 reite
362 2078 491 2130 scribaturr'
513 2080 598 2144 Epizefio
612 2084 698 2144 pretori
709 2081 731 2143 se
747 2082 834 2129 alacres.
868 2081 965 2154 Duplex

88 2142 220 2194 homiuum
231 2159 304 2210 genus
316 2146 401 2192 Cicero
413 2142 469 2191 dicit
484 2141 507 2191 se
523 2157 614 2207 magno
631 2141 724 2191 honore
738 2143 763 2189 in
776 2139 831 2190 Alia
842 2142 965 2208 accepiffe,

88 2211 220 2257 Romanos
229 2211 372 2256 decumanos
382 2208 424 2271 qui
434 2221 517 2271 agrum
528 2205 659 2271 reipublicae
670 2205 847 2264 conduxeram,
863 2210 888 2257 δι
899 2212 967 2257 Grae·

89 2284 135 2321 eos
145 2268 274 2334 Ephesios,
289 2270 398 2335 quamvis
409 2269 472 2319 suam
484 2286 533 2318 non
544 2265 656 2334 attigisset
672 2271 831 2334 provinciam,
849 2273 874 2320 &
892 2272 921 2319 ad
937 2272 969 2319 ii-

91 2326 132 2383 los
148 2336 274 2383 ciceronis
286 2334 411 2399 imperium
428 2334 487 2382 nihil
503 2335 648 2398 pertineret,
670 2333 735 2396 quud
758 2349 809 2381 non
824 2332 866 2382 nifi
882 2336 907 2382 in
928 2334 968 2384 sua

110 2398 221 2447 iocinera
230 2410 322 2460 poterat
335 2410 449 2446 exercere.
467 2398 529 2445 Hinc
541 2396 611 2453 dicit,
622 2400 682 2459 quast
696 2397 797 2457 venrffrm
812 2416 861 2444 cum
871 2402 968 2461 imperio.

105 2475 123 2509 ιι
132 2460 204 2509 illam
215 2462 281 2509 enim
291 2462 437 2534 provinciam
447 2474 497 2507 non
507 2473 603 2508 venerat
614 2474 668 2508 cum
679 2462 780 2525 imperio
791 2494 798 2517 ,
814 2459 853 2509 led
869 2464 894 2509 iu
909 2462 971 2511 Cili·

92 2524 167 2573 tium·
202 2524 270 2573 Nihil
280 2522 399 2587 liquidius.
434 2525 542 2571 Gravius.

127 2590 167 2637 io.
185 2586 335 2644 ostentationes
344 2593 420 2644 meae]
436 2590 491 2633 Hoc
501 2583 619 2647 est,quod
631 2582 713 2631 multis
723 2586 791 2632 annis
803 2586 904 2634 antehac
915 2601 974 2651 proe-

95 2650 157 2708 tuli,
174 2652 200 2699 δι
211 2664 251 2698 me
261 2649 503 2700 haberivoluivitum
514 2646 605 2695 bouum
621 2650 647 2697 &
665 2645 816 2695 modetatum
827 2650 974 2711 principem,

94 2712 122 2763 id
133 2726 199 2761 nunc
209 2715 313 2777 specimen
321 2715 428 2778 specim,
445 2725 470 2759 ut
486 2712 592 2775 loquitur
602 2710 708 2765 Plautus,
723 2711 747 2755 id
758 2727 860 2758 certamcn
869 2716 974 2762 cernitur.

94 2777 184 2827 vetitas
193 2791 222 2824 ea
236 2775 324 2833 firerit,
339 2792 370 2825 an
385 2774 504 2824 simulatio
521 2809 529 2831 ,
546 2790 608 2823 nunc
619 2772 791 2823 arbitrabuntur
805 2774 928 2825 homines:
945 2778 973 2824 δι

95 2836 269 2965 {bstmabunn
285 2854 316 2888 an
331 2840 380 2888 haec
395 2840 504 2905 potentia
520 2838 594 2887 etiam
610 2850 690 2887 mores
710 2850 778 2886 meos
795 2837 823 2887 iit
844 2851 973 2889 mutatura.

116 2907 262 2953 ,ficum

134 2975 172 3016 επ.
191 2966 309 3025 Confeiiaer]
323 2966 689 3021 Decumariorum&atatorum,
706 2962 808 3030 quidhic
819 2962 977 3012 illisdecumae

101 3028 188 3079 nostrae
199 3029 303 3095 pendere
314 3027 422 3078 debeant.
440 3031 491 3079 Cic.
500 3045 545 3079 ιιι.
561 3035 622 3078 verr.
632 3044 668 3077 ιο.
682 3030 707 3077 &
717 3036 751 3085 ie.
769 3029 830 3074 inter
840 3026 883 3075 has
899 3039 980 3076 autem

101 3088 248 3142 decumanae
261 3093 353 3156 hosque
371 3105 473 3140 aratores
495 3090 608 3141 facillime
623 3090 753 3140 existebant
769 3091 841 3142 lires,
867 3105 922 3138 cum
941 3090 979 3141 iili

119 3156 231 3205 lurimum
239 3156 328 3205 auferre
335 3190 342 3213 ‚
350 3155 373 3204 hi
380 3156 507 3203 minimum
514 3157 568 3203 dare
578 3155 675 3203 vellent:
681 3152 767 3202 deinde
773 3151 889 3220 adhibitus
897 3166 982 3217 prator

99 3172 188 3284 fupum
199 3213 293 3269 tenebat
304 3217 410 3274 auribus,
424 3218 600 3282 periculumque
611 3232 674 3274 erat,
691 3231 721 3264 ne
737 3228 776 3263 aut
792 3216 923 3265 ostenderet
933 3232 978 3283 pu·

100 3279 225 3340 bimanus,
242 3284 288 3331 hot
298 3281 332 3331 est
340 3282 448 3330 ordinem
460 3281 604 3353 equestrem,
616 3294 655 3329 aut
664 3280 820 3344 provinciales
829 3280 915 3343 iujuriae
924 3278 979 3329 affi-

104 3360 181 3403 ceret,
198 3360 269 3410 atque
280 3345 309 3394 ad
321 3345 428 3408 inopiam
440 3342 563 3407 redigeret.
598 3346 664 3395 Idem.

137 3418 173 3459 82.
192 3412 322 3473 Philogenem
332 3411 358 3461 ie
370 3411 445 3468 Seium
455 3410 559 3467 tradidi]
584 3412 620 3455 Er
636 3420 715 3457 vetere
735 3404 815 3455 nostro
831 3404 871 3457 lm
893 3406 979 3455 remo·-

102 3471 416 3527 amnemamuaufimua
442 3472 535 3523 Trsslm
549 3483 630 3523 mm
643 3474 766 3539 tumim
784 3472 855 3523 Μ
870 3468 904 3541 ‘st
921 3484 981 3543 ⁰⁰¹¹?
1012 3548 1019 3574 ι
