2294 3914
205 129 296 215 ‘¹45⁶
404 124 601 188 brim
643 120 949 193 Ocrnvus

211 235 322 314 ‚¹5quld
335 233 406 293 inter
410 236 442 310 se
455 253 488 290 ne
503 232 561 318 nori
574 232 776 311 quidmsm,
793 251 887 294 com
902 251 1045 297 veteranas
1056 237 1085 297 lr·'

213 313 319 388 giam,
338 333 392 370 non
404 328 431 369 te
437 325 565 388 praerat.

460 545 727 592 ermon
757 547 839 594 1111.

339 732 582 792 CICERO
623 732 886 793 ATTICO
926 735 958 792 S.

209 916 529 1025 Llnnrrunrnrs
543 934 617 1004 meae
632 915 741 1002 iignum
754 917 804 976 tibi
817 917 851 976 fit
862 917 970 979 libram
983 938 1074 989 mmm,
1111 918 1115 993 l

272 995 304 1052 &
316 994 416 1053 adem
430 993 508 1052 causa
522 994 676 1052 brevitatis:
697 993 746 1052 etfi
759 1012 836 1053 nunc
850 996 994 1072 quidem,
1012 997 1075 1074 quod

207 1066 354 1129 scriberem
368 1070 438 1130 nihil
457 1082 522 1128 erat.
561 1071 654 1128 omnis
675 1070 841 1146 exspeuano
863 1073 961 1132 nostra
982 1088 1036 1133 erar
1052 1075 1075 1132 in

209 1147 313 1206 nuntiis
325 1145 498 1206 Brundifinin
517 1146 537 1204 fi
550 1146 646 1205 nicius
659 1147 706 1204 hic
719 1145 785 1204 effer
799 1148 926 1207 Cnaeum
942 1151 1075 1218 nostrum,

210 1221 269 1298 spes
283 1222 364 1282 dubia
377 1226 465 1300 pacis:
487 1223 527 1282 lin
539 1223 584 1281 ille
599 1236 664 1281 ante
678 1220 848 1282 ⁸rramififfet
863 1267 874 1294 ‚
892 1228 1005 1286 exitioli
1024 1227 1076 1286 belli

211 1312 312 1359 metus.
330 1300 377 1359 sed
388 1299 520 1369 videsne,
537 1301 567 1358 in
580 1317 667 1375 quem
680 1300 828 1358 hominem
844 1302 978 1362 inciderit
999 1304 1076 1378 respu-

123 1396 132 1409 ·
210 1375 303 1435 blica?
342 1375 408 1434 uim
428 1391 566 1446 acutum,
585 1374 672 1452 quim
692 1376 879 1450 vigilantem,
899 1379 991 1455 qu‘am
1013 1398 1078 1455 para·

209 1464 272 1512 turn
288 1452 301 1510 ἓ
320 1396 513 1513 {mehercule
526 1456 671 1512 neminem
693 1451 851 1523 occiderit,
876 1472 936 1515 nec
956 1458 1077 1534 cuiquam

208 1529 361 1606 quidquam
375 1531 510 1589 ademerit
524 1573 534 1598 ‚
553 1531 642 1588 abhis
656 1572 665 1598 ‚
684 1530 733 1604 qui
754 1545 820 1586 eum
843 1531 973 1591 maxime
986 1535 1078 1592 timue·

210 1618 289 1676 rant,
308 1607 432 1666 maxime
452 1607 586 1682 diligetur.
625 1606 744 1663 multum
765 1623 881 1664 mecum
905 1611 1077 1686 municipales

210 1682 340 1742 homines
352 1685 522 1760 loquuntur,
541 1682 660 1741 multum
677 1682 703 1722 ¹⁶
711 1680 846 1740 rusticani.
885 1685 967 1744 Nihil
980 1687 1076 1762 prorius

59 1784 63 1793 ·
108 1826 114 1837 ¹
209 1759 283 1819 aliud
297 1773 417 1828 curant,
435 1759 485 1818 nifi
506 1776 584 1834 agros
599 1801 608 1827 ,
626 1757 676 1816 nisi
698 1758 825 1828 villulas,
852 1760 906 1818 nifi
921 1765 1075 1822 nummulos

207 1835 279 1894 suos.
316 1838 347 1893 ὃ(
360 1835 443 1905 vide,
462 1834 549 1912 quim
564 1834 698 1893 conversa
709 1851 750 1891 res
763 1833 810 1893 est.
847 1836 950 1908 illum,
969 1858 1074 1916 quom·

205 1923 251 1970 tea
265 1911 459 1981 confidebant,
480 1924 632 1979 metuunt;
652 1911 728 1968 hunc
748 1923 867 1981 amant,
888 1933 980 1991 quem
1002 1918 1074 1975 rime·

205 1987 279 2047 bant.
320 1989 349 2046 id
370 1990 477 2065 quantis
497 1989 591 2048 nostris
613 1987 732 2064 peccatis
765 1988 894 2064 vitiisque
930 1995 1072 2061 evenerit,

204 2082 265 2123 non
280 2063 389 2140 polium
403 2065 460 2124 fine
474 2065 597 2124 molestia
611 2067 740 2140 cogitare.
778 2081 843 2139 quae
858 2078 958 2126 autem
974 2073 1073 2145 impen-

203 2140 269 2199 dere
283 2155 427 2216 putarem,
446 2142 601 2218 scripseram
615 2142 649 2202 ad
661 2155 689 2200 te
696 2165 706 2209 ;
728 2142 758 2199 &
768 2141 830 2216 jam
843 2153 906 2203 tuas
921 2146 1024 2205 litteras
1032 2165 1071 2204 ex·

200 2217 364 2311 speciabam.
853 2238 861 2264 1‘
992 2303 1072 2349 Eil-

238 2545 274 2588 ῖς.
291 2532 358 2596 Qod
368 2533 452 2593 interfe
461 2551 486 2579 ne
495 2532 724 2596 noti.]Malim,Qi
733 2532 818 2592 interse
827 2549 863 2578 nec
872 2533 1070 2595 notissimum-

204 2593 258 2642 litoe
273 2593 334 2645 dicat
346 2610 397 2642 non
409 2597 484 2644 modo
494 2598 582 2644 tirones
599 2631 606 2652 ‚
622 2595 661 2644 sed
671 2611 714 2643 nec
729 2596 790 2643 inter
805 2594 829 2641 se
842 2610 927 2646 notos.
952 2611 1015 2657 aut,
1029 2599 1069 2660 Qui

197 2659 258 2703 inter
266 2660 347 2717 fenori
360 2661 448 2719 quidem
457 2661 517 2719 sunt.
551 2659 616 2722 quod
628 2674 668 2707 ma
686 2661 705 2706 is
715 2657 800 2721 placet.
832 2655 951 2733 scriptum
967 2659 1070 2711 enimest

198 2716 226 2765 in
237 2720 336 2783 antiquo
349 2721 411 2769 libro
422 2720 555 2770 amicillimi
566 2724 627 2778 mei,
643 2675 738 2770 ofiavii
748 2721 888 2784 Pantagathr
903 2742 911 2780 5
928 2726 1014 2774 &erit
1029 2724 1070 2772 hac

174 2816 183 2831 .
199 2780 327 2830 sententia:
345 2784 441 2831 calaris
450 2785 539 2833 milites
554 2788 609 2850 quia
624 2786 748 2839 veterani,
764 2783 819 2831 ideo
833 2781 971 2836 'familiares
981 2790 1040 2836 inter
1052 2783 1070 2834 le

197 2841 251 2891 sunt
267 2846 292 2894 δι
304 2845 456 2904 amiciffimi5
480 2846 545 2920 quod
562 2848 691 2911 plurimum
704 2844 796 2910 prodest
811 2845 842 2894 ad
857 2847 932 2898 robur
948 2852 1070 2900 exercitus:

198 2906 272 2955 nostri
283 2923 340 2956 vero
351 2924 381 2957 ne
392 2911 444 2957 nori
454 2910 551 2974 quidem
561 2913 623 2958 inter
633 2911 657 2958 se
671 2909 722 2958 sunt
735 2926 741 2956 :
758 2922 853 2958 tantum
868 2910 952 2971 abest,
969 2927 995 2962 ut
1008 2912 1071 2962 fumi·

200 2969 269 3018 limes
286 2973 404 3035 amicique
414 2971 467 3022 lint.
484 2989 534 3036 quo
546 2976 625 3022 minus
636 2972 669 3022 est
679 2974 726 3022 illis
736 2986 820 3022 contra
830 2986 960 3024 veteranas
970 2978 1071 3041 legiones

198 3033 406 3084 committendum.
441 3041 466 3085 P.
475 3041 563 3086 Manat.

232 3105 267 3144 16.
284 3097 417 3160 Rusticani]
432 3104 474 3148 Per
484 3100 610 3150 rusticanos
621 3117 671 3149 non
681 3098 788 3149 colonias
800 3099 915 3163 intelligit
928 3114 1039 3159 tantum,
1049 3113 1070 3150 ut

197 3157 249 3204 vult
259 3162 395 3218 Minucium
413 3161 451 3210 sed
462 3178 546 3212 omnes
575 3167 597 3214 ui
608 3166 653 3213 ruri
664 3162 783 3218 habitant,
799 3164 861 3211 inter
871 3178 937 3228 quos
947 3162 1001 3214 sunt
1012 3164 1070 3215 rusti

198 3219 221 3265 ei
233 3224 347 3275 Romani.
380 3225 410 3272 de
425 3226 508 3289 quibus
522 3228 548 3275 in
556 3180 604 3279 lib.
622 3233 659 3277 De
675 3225 797 3275 senestute
811 3226 919 3275 Cicero:
936 3230 1025 3289 Pofflms
1041 3245 1070 3274 ne·

198 3284 282 3329 minare
298 3304 323 3331 ex
338 3304 390 3348 agre
404 3290 481 3336 Sabino
497 3291 583 3349 rusticos
600 3298 719 3357 Qmanor,
734 3291 817 3334 vicinos
832 3290 859 3340 Θ·
870 3289 1006 3349 familiares
1015 3307 1071 3339 mos.

201 3349 1073 3421 lnorarprosextio:Mum'cipalesrusticosquellomanosconjungit‚mosti-

198 3413 259 3455 unis
273 3424 425 3523 ossponunrur
436 3417 525 3474 urbani,
542 3419 583 3481 qui
593 3418 619 3472 in
628 3414 722 3472 urbibus¹
730 3413 833 3482 degunt,
849 3428 876 3469 ut
886 3418 973 3474 urbani
981 3419 1072 3483 comperi·

195 3472 284 3524 tareni
309 3488 344 3527 .1.
359 3488 426 3539 epa.
457 3483 569 3544 Gravius,

954 3561 996 3616 ,ιη
1009 3538 1069 3612 Qu!

56 3572 146 3680 h
237 3576 246 3587 ,
