2294 3914
265 132 344 210 1392
448 102 1001 190 Lrnrn'snnrrnus

106 261 184 301 anon
258 232 381 297 miserit?
400 246 496 294 tamen
509 233 717 302 tconceditur;
739 232 828 293 minus
848 234 966 293 honeste
988 254 1066 296 nunc

105 313 206 426 ffipced·
259 313 349 383 dem,
377 313 479 371 violata
501 311 580 386 rjam
602 312 635 368 ab
656 311 704 369 illo
726 312 862 446 redpublica
883 312 1021 388 illatoque
1043 257 1095 375 bed

1096 258 1126 302 ΠΙ.

259 390 346 466 qu‘am
361 390 379 448 fi
395 390 463 448 olim
479 389 513 447 de
528 389 633 445 ratione
654 388 744 446 haben
764 406 780 445 a
801 386 971 464 impetrasset
988 410 995 447 :
1017 392 1050 449 ὃ(
1064 337 1126 452 7⁸2!

106 441 240 562 {ffim
260 478 326 525 men
340 480 456 534 vereor,
477 465 568 523 uthis
590 462 650 538 ipsis
666 460 814 522 contesltus
835 465 876 523 sit.
913 483 983 523 uam
1007 466 1073 527 ciam
1091 472 1126 530 illa

165 523 173 550 ⁸
240 538 388 601 ’mandata
404 541 517 601 dedisset
532 542 567 598 L.
581 539 697 610 Caesari,
718 542 812 598 debuit
827 531 880 598 esse
898 542 994 614 paullo
1010 547 1126 619 quietior,

258 618 326 677 dum
350 619 473 693 responsa
505 620 679 675 referrentur.
719 616 817 676 dicitur
845 629 940 690 autem
971 636 1053 680 nunc
1085 621 1126 681 ese

106 722 196 765 tvm.
258 697 413 754 acerrimus.
452 696 600 755 Trebatius
620 694 733 770 quidem
754 692 868 758 scribit,
894 692 922 751 se
946 694 981 752 'ab
1009 698 1059 756 illo
1078 710 1124 757 tra

104 779 159 825 ut.
258 772 310 831 lral.
325 772 401 829 Febr.
417 785 545 847 rogatura
561 768 630 839 esse,
650 784 682 829 ut
703 770 827 829 scriberet
848 770 883 828 ad
906 778 954 827 me
972 814 982 841 ,
1004 786 1036 832 ut
1054 772 1124 835 essen

255 848 290 905 'ad
304 849 417 907 urbem:
439 850 506 907 nibil
522 850 547 905 ei
562 866 608 905 me
621 849 721 922 gratius
743 847 833 905 facere
855 844 941 921 posse.
969 848 1036 908 haec
1051 854 1124 915 verbis

254 924 385 999 plurimis.
423 926 546 983 intellexi
561 943 595 982 erc
618 925 726 981 dierum
747 924 877 992 ratione,
898 937 932 981 ut
953 925 1077 998 primirm
1096 929 1123 987 de

255 998 367 1059 discessu
380 1002 473 1062 noslro
495 1001 585 1058 Caesar
606 997 744 1069 audisset,
770 1000 891 1057 laborare
914 1006 985 1058 e'um
1009 1002 1122 1080 coepitle,

106 1093 229 1143 vitaras.
254 1082 292 1135 ne
305 1097 405 1137 omnes
418 1074 577 1137 abessemus
615 1079 728 1153 'itaque
744 1094 802 1135 non
818 1075 933 1145 dubito,
954 1079 1031 1154 quirr
1043 1082 1076 1140 ad
1088 1083 1122 1140 Pi-

255 1153 374 1225 sonem,
394 1157 461 1233 quin
475 1154 510 1212 ad
526 1154 651 1219 Servium
667 1153 804 1229 scripserit
843 1152 909 1210 illud
931 1154 1061 1233 admiror
1073 1177 1117 1217 noa

136 1259 161 1306 1³.
182 1261 208 1307 B.
253 1230 341 1304 ipsum
356 1233 391 1290 ad
405 1251 452 1302 me
466 1227 610 1307 scripfisse,
630 1248 689 1288 non
711 1247 760 1304 per
781 1222 958 1287 Dolabellam
978 1274 988 1299 ,
1010 1246 1066 1293 uon
1083 1252 1119 1310 per

256 1308 379 1367 Coelium
393 1306 482 1384 egisse.
516 1324 686 1385 quamquam
701 1324 759 1364 non
775 1306 904 1380 aspernor
920 1297 1051 1378 Trebatii
1062 1312 1120 1369 litte.

254 1400 312 1454 ras,
332 1385 348 1443 a
384 1404 421 1443 uo
438 1404 483 1443 me
497 1383 579 1443 unice
594 1384 668 1459 diligi
681 1382 746 1441 scio.
767 1382 884 1455 rescripsi
900 1383 936 1440 ad
953 1381 1118 1457 Trebatiuiri,
1144 1393 1145 1398 ’

254 1460 331 1535 (nam
347 1403 382 1520 ad
395 1462 481 1538 ipsum
497 1461 653 1529 Caesarem,
674 1461 721 1537 qui
736 1460 804 1517 mihi
817 1459 885 1517 nihil
899 1459 1062 1536 scripsisset,
1078 1484 1119 1523 no·

253 1538 304 1613 lui)
323 1538 408 1615 quiam
424 1540 489 1599 illud
502 1540 559 1597 hoc
574 1551 702 1613 tempore
724 1533 788 1595 esset
810 1535 943 1594 difficile:
968 1556 1019 1597 me
1035 1554 1116 1607 ,tanco

252 1615 280 1672 in
295 1617 402 1690 praediis
417 1618 486 1674 meis
497 1613 570 1683 ¹esse,
591 1633 683 1689 neque
698 1613 836 1671 delesturn
850 1614 960 1682 ullum,
982 1624 1073 1693 neque
1080 1637 1117 1685 pe·

251 1693 359 1765 gotium
374 1690 521 1768 suscepisse.
559 1694 660 1767 inquo
680 1689 795 1766 quidem
818 1691 968 1762 inaneb0,
990 1693 1058 1752 dum
1070 1694 1115 1770 spes

250 1770 325 1841 pacis
340 1770 397 1827 erit,
418 1768 457 1827 sm
471 1769 572 1826 bellum
594 1779 725 1842 geretur;
754 1784 814 1825 non
843 1767 929 1825 deero
960 1770 1058 1829 officio
1075 1790 1114 1831 ntt

99 1882 116 1919 χ
131 1868 208 1922 gmg
249 1843 373 1931 dignitati
388 1862 478 1932 meae,
498 1862 597 1919 pueros
612 1843 806 1931 xdnrats‘peaoe
818 1844 847 1931 in
862 1845 1019 1904 Graeciam.
1038 1862 1112 1937 toton

834 1937 850 1963 0

98 1937 222 2061 ssa,
247 1919 882 2075 {lassulus}ssssssln
900 1926 1111 2060 issisti&

97 2064 151 2111 MS.
248 2075 337 2143 vibus,
375 2078 421 2135 sed
435 2077 497 2134 haec
512 2077 604 2150 paucis
618 2076 710 2134 diebus
726 2094 759 2133 ex
774 2075 842 2131 illius
856 2073 891 2131 ad
905 2075 998 2134 noslra
1015 2076 1109 2153 respon·

96 2125 224 2236 ztgstaffi*
247 2151 272 2208 sa
288 2154 417 2227 responsis
434 2154 634 2228 intelligentur,
653 2153 784 2227 quorsum
800 2150 909 2208 evasura
925 2151 988 2210 sint.
1010 2167 1068 2213 turn
1085 2152 1108 2211 ad
1132 2161 1140 2214 ἔ

96 2226 211 2301 „pff-2
245 2238 274 2284 te
286 2229 399 2287 scribam
415 2230 527 2303 bplura,
548 2229 632 2288 sterit
651 2229 753 2286 bellum
771 2249 777 2287 :
798 2226 839 2284 cfi
861 2242 957 2287 autem
981 2232 1065 2289 etiam
1077 2232 1107 2289 in·
1133 2241 1136 2248 '

96 2311 112 2362 b
127 2315 194 2378 plura
245 2304 358 2374 duciae,
379 2321 407 2363 te
428 2306 540 2380 ipsum,
568 2316 598 2362 ut
619 2305 720 2380 spem,
741 2306 851 2364 videbo.
890 2305 955 2380 Ego
974 2318 1039 2365 1111.
1053 2327 1136 2381 nou,

95 2374 318 2452 aestumapebr,
339 2400 396 2457 quo
413 2382 457 2441 die
473 2383 518 2439 has
531 2383 632 2440 litteras
647 2382 727 2451 dedi,
747 2384 775 2441 in
790 2382 943 2441 Formiano
960 2426 968 2452 ,
989 2403 1050 2461 quo
1064 2386 1105 2443 Ca-

94 2439 295 2553 {Jsmmmpua
317 2460 475 2528 redieram,-
496 2460 623 2517 mulieres
644 2459 855 2535 exspedtabanr:
882 2460 982 2533 quibus
1004 2462 1104 2537 quidem

143 2538 150 2554 ⁸
238 2533 411 2609 scripseram,
430 2539 483 2594 tuis
495 2537 589 2595 litteris
604 2537 778 2603 admonitus,
797 2550 828 2593 ut
842 2538 947 2593 Romae
963 2549 1106 2596 manerent.

240 2612 287 2670 sed
315 2613 398 2672 audio
426 2615 563 2687 majorem
592 2614 733 2689 quendam
756 2616 783 2671 in
807 2614 873 2670 urbe
894 2612 1031 2671 timorem
1055 2612 1105 2671 erse.

241 2690 346 2763 Capuae
370 2709 436 2748 non.
456 2690 533 2748 Febr.
555 2686 607 2748 esse
629 2690 782 2758 volebam,
803 2692 866 2765 quia
888 2688 1017 2748 consules
1033 2688 1105 2765 jutse·

240 2780 309 2823 rant.
348 2766 482 2842 quidquid
494 2767 550 2823 huc
566 2768 616 2823 erit
629 2766 644 2823 'a
659 2768 796 2842 Pompejo
818 2767 929 2824 allatum
949 2809 958 2832 ,
976 2766 1064 2824 statim
1077 2762 1104 2823 as

243 2854 272 2899 te
291 2842 404 2903 scribam
420 2863 427 2901 ι
447 2843 560 2920 tuasque
575 2843 609 2901 de
623 2844 675 2901 illis
690 2845 768 2903 rebus
780 2846 880 2903 litteras
895 2841 1098 2969 eXspest²2⁰31

241 3148 343 3203 ditiones
363 3162 377 3203 a
397 3155 486 3205 Caesare
502 3148 562 3205 latae.
590 3158 656 3205 Fam.
678 3169 714 3218 ep.
731 3170 766 3204 11.
793 3150 900 3205 libror.
935 3158 962 3203 Ρ.
979 3156 1065 3203 Manat.
1095 3210 1101 3221 ¹

273 3225 309 3269 78.
327 3221 405 3266 Tarnen
416 3227 508 3279 percon]
523 3224 552 3267 Et
561 3232 645 3275 tamen,
661 3233 750 3268 ueteres
760 3217 813 3266 libri
823 3231 875 3266 tum
886 3216 974 3273 noslri,
990 3229 1042 3265 turn
1052 3222 1101 3264 Petu
1138 3257 1142 3286 ὂ

242 3279 353 3336 Vislorii,
371 3281 548 3347 fignifieanrius.
581 3286 640 3331 Non
660 3296 737 3344 puro,
761 3283 856 3345 inquit,
877 3281 998 3331 Cael'arem
1021 3280 1099 3329 oblatas
1138 3293 1142 3332 ἑ

238 3341 388 3393 conditiones
400 3346 580 3410 repudiaturum.
612 3345 729 3403 ejusmodi
739 3348 803 3395 enim
815 3343 880 3400 suut,
896 3358 921 3393 ut
938 3341 1100 3402 amentissimo}
1137 3372 1140 3378 ·

239 3399 282 3460 sit,
298 3403 339 3453 nisi
350 3410 456 3472 accipiat.
489 3415 519 3458 Er
530 3422 611 3457 tamen
622 3423 717 3470 vercor,
733 3424 786 3474 quae
800 3408 906 3460 staminis
922 3406 956 3458 est
965 3407 1068 3463 insanin,
1080 3412 1099 3449 1²

239 3466 295 3532 ipfit
306 3481 431 3523 conteratur
441 3466 477 3523 lit.
510 3471 603 3539 Mulajp

975 3547 1014 3597 79.
1030 3536 1099 3583 vum
1134 3545 1138 3573 ε
