2294 3914
176 129 373 200 Errsr.
416 139 950 226 nn<Arrrc.uut.1459

64 244 174 314 Cfaesar,
193 246 223 304 δι
237 245 267 304 iis
283 243 372 302 diariis
390 242 509 302 militum
532 243 700 317 celeritatem
723 244 842 312 incitat,
862 259 893 304 ut
907 250 942 306 ti-

63 331 177 391 meam,
196 339 232 381 ne
248 319 326 378 citiits
340 319 374 378 ad
389 319 580 390 Brundifium,
601 317 687 396 quim
701 337 771 394 opus
783 320 833 389 s1t,
853 323 944 381 acces-

62 397 136 456 serit.
155 398 246 467 dices‚
266 397 345 472 Quid
358 397 440 472 igitur
454 395 581 471 proficis,
601 397 650 472 qui
672 398 802 472 anticipes
825 400 883 473 ejus
903 402 944 459 rei

63 473 239 543 molestiam,
260 490 345 551 quam
372 471 464 531 triduo
484 472 595 532 sciturus
616 470 678 530 lis?
704 473 772 532 nihil
800 473 944 549 equidem.

61 549 129 619 sed,
148 564 179 609 ut
194 551 271 625 supra
286 550 359 618 dixi,
379 561 475 608 tecum
487 550 653 624 perlibenter
667 550 769 626 loquor
790 571 797 608 ε
818 554 847 608 bt
862 550 944 612 snnul

62 625 134 687 scito
151 670 159 696 ,
179 626 269 684 labare
292 645 389 685 meum
413 622 583 696 confilium,
612 625 679 684 illud
705 626 783 703 quod
805 626 864 685 satis
883 628 945 703 jam

62 701 154 763 fixum
169 702 320 762 videbatur.
338 721 397 763 non
420 703 488 761 mihi
502 703 561 761 satis
575 702 671 762 idonei
684 703 745 761 sunt
767 702 892 762 auctores
907 705 945 774 ii,-

60 781 112 856 qui
127 779 144 837 d
158 791 186 838 te
202 780 359 855 probantur.
397 778 476 855 quod
490 780 565 839 enim
586 797 722 855 umquam
737 796 836 838 eorum
857 781 886 839 in
900 799 944 840 re-

87 855 175 914 ublica
190 857 261 914 forte
278 857 383 915 fastum
399 855 497 914 exstitit
512 855 524 914 ἓ
545 869 593 914 aut
607 859 667 931 quis
682 856 716 914 ab
730 856 770 914 his
784 856 867 915 ullam
883 874 944 919 rem

62 875 148 992 iaude
164 932 274 1008 dignam
290 930 444 992 desiderat?
464 949 517 990 nec
540 932 698 991 mehercule
713 932 864 992 laudandos
885 937 945 994 erti-

65 1008 167 1078 stimo,
187 1011 236 1085 qui
250 1023 321 1068 trans
338 1027 414 1068 marc
429 1008 491 1066 belli
506 1008 617 1084 parandi
632 1007 710 1068 cauld
732 1010 850 1084 profedti
871 1011 941 1071 sunt:

63 1085 253 1163 (quamquam
288 1087 350 1143 haec
387 1084 501 1144 ferenda
530 1103 590 1144 non
617 1085 704 1161 erant)
726 1085 808 1144 video
838 1088 940 1158 eninr,

63 1173 203 1296 puantum
223 1163 253 1222 id
274 1161 376 1221 bellum
410 1164 442 1222 bc
466 1161 552 1238 quim
574 1162 733 1239 pestiferum
755 1163 879 1221 futurum
901 1164 942 1224 fit.

78 1238 113 1296 ed
128 1257 175 1301 me
189 1250 289 1297 movet
303 1257 373 1298 unus
387 1240 430 1298 vir
445 1250 454 1306 ;‘
476 1239 554 1315 cujus
576 1239 705 1315 fugientis
726 1256 846 1310 comeS,
867 1258 942 1298 rem·

61 1314 203 1390 publicam
224 1315 407 1391 recuperantis
428 1315 516 1374 socius
537 1315 635 1374 videor
656 1312 709 1374 elle
730 1315 838 1374 debere.
878 1317 943 1375 To·
1008 1339 1011 1348 ·

61 1392 152 1450 tiesne
166 1393 246 1468 igitur
259 1392 422 1452 sententiam
445 1391 561 1451 mutas?
582 1410 636 1468 ego
658 1406 777 1463 tecum,
798 1405 942 1469 tamquam

62 1485 182 1526 mecum
196 1469 305 1547 loquor.
343 1469 404 1546 quis
419 1481 512 1526 autem
529 1469 584 1538 est,
596 1452 678 1528 'tanin
693 1469 808 1546 quidem
830 1469 865 1528 de
888 1488 916 1528 re
932 1512 941 1539 ,

65 1545 138 1680 puin
153 1544 226 1604 varie
241 1546 333 1605 secum
347 1545 402 1621 ipse
418 1544 561 1621 disputet?
581 1544 661 1603 simul
684 1547 714 1604 &
737 1547 835 1605 elicere
857 1548 941 1622 cupio

79 1623 231 1681 ententiam
246 1636 324 1682 tuam
333 1646 342 1690 ;
364 1621 384 1680 fi
400 1634 511 1690 manet,
531 1634 563 1680 ut
577 1620 683 1680 firmior
698 1620 748 1680 srm
762 1644 772 1689 ;
801 1620 941 1682 fimutata

66 1698 123 1767 est,
144 1711 175 1758 ut
188 1701 238 1759 tibi
259 1697 391 1758 affentiar.
429 1696 550 1756 omnino
573 1697 609 1756 ad
628 1697 680 1767 id,
701 1698 736 1757 de
751 1716 810 1774 quo
826 1699 923 1759 dubito
932 1744 946 1770 ,-

64 1776 211 1849 pertinet,
239 1793 287 1834 me
307 1776 398 1846 scire,
418 1774 486 1850 quid
506 1775 649 1833 Domitius
672 1774 779 1832 adiutus
800 1773 856 1845 srt,
876 1778 945 1853 quid

68 1851 162 1911 noster
176 1853 320 1912 Lentulus.
347 1851 382 1911 de
402 1851 535 1910 Domitio
557 1852 630 1910 varia
650 1851 794 1921 audimus,
814 1863 841 1893 ²¹
853 1852 943 1987 mopr

891 1946 945 1988 ee

72 2145 113 2198 sod
123 2144 210 2213 frigide
221 2145 338 2206 nimis,ut
351 2145 464 2202 Manutio
478 2145 583 2206 videtum
602 2148 645 2213 qui
654 2147 713 2214 legit
723 2149 853 2205 diarium:
864 2146 956 2201 restitu-

72 2215 140 2260 tione
151 2212 264 2269 vittoni,
280 2213 321 2276 qui
335 2227 435 2269 vocem,
451 2213 528 2270 ditiis,
547 2227 598 2274 qua
609 2225 666 2260 runc
684 2216 708 2262 in
724 2211 827 2278 vulgatis
842 2226 892 2263 erut
903 2213 955 2263 edi-

72 2275 192 2331 tionibus,
208 2275 295 2336 reiecit.
313 2278 387 2326 cleric.
423 2277 532 2325 Omnino
543 2279 623 2323 diariis
634 2273 826 2332 scribendum,&
837 2291 892 2326 curn
898 2281 956 2324 Ma·

72 2339 144 2386 nurio
155 2337 373 2402 interpretandum,
387 2340 413 2388 in
423 2339 528 2403 singulos
545 2338 594 2389 dies
612 2340 703 2399 majore
717 2337 835 2403 stipendio
853 2342 880 2389 bc
895 2354 954 2403 pra-

71 2403 135 2450 miis.
168 2404 234 2451 Nam
244 2401 311 2465 quod
320 2407 411 2469 Popma
422 2417 488 2466 putat
498 2403 560 2451 hanc
572 2417 657 2452 vocem
668 2405 766 2451 diarium
778 2438 786 2460 ,
800 2400 839 2451 sub
856 2403 954 2452 Cesari-

72 2464 115 2513 bus
125 2462 224 2514 demum
235 2463 260 2513 in
272 2464 467 2514 confitetudinem
476 2465 577 2523 veniffe,
593 2465 691 2515 fallitur.
724 2470 790 2514 Nam
802 2468 827 2514 δι
839 2463 917 2514 Cacsar
926 2480 956 2515 ea

71 2525 124 2576 usus
134 2527 168 2576 est
179 2543 224 2578 1111
242 2527 272 2576 de
282 2528 341 2578 Bell.
353 2531 408 2578 civ.
427 2533 573 2594 cohortemque
582 2528 653 2592 postea
668 2530 749 2590 duplici
760 2529 866 2590 stipendia
878 2562 886 2584 ,
900 2528 957 2587 sru-

983 1636 1008 1683 a.
1028 1598 1074 1693 a.

70 2604 162 2647 mento,
177 2592 253 2651 vaste,-
274 2594 373 2647 diarir'r,
389 2594 523 2640 militaribus
549 2594 610 2640 donis
633 2591 758 2654 amplrffimi
785 2592 884 2639 donavit.
917 2592 955 2640 Sic
995 2614 1002 2629 ·

72 2653 171 2719 pulchre
192 2655 255 2703 bunc
275 2656 357 2705 locum
377 2655 513 2705 emendavit
534 2659 558 2705 P.
580 2653 721 2711 Virronis,
752 2660 807 2702 var.
830 2653 895 2702 neo.
915 2671 954 2708 23.

73 2733 148 2780 quem
159 2716 222 2767 vide.
249 2718 308 2767 Usus
324 2718 353 2768 ed
369 2734 467 2783 quoquc
483 2719 596 2771 Horatius
611 2716 645 2767 est
660 2730 776 2782 tanquam
791 2717 902 2765 omnium
914 2722 974 2766 ore·

77 2780 144 2830 triti.
180 2784 291 2833 Gravius.

109 2860 148 2894 21.
166 2846 232 2891 Modo
255 2845 292 2905 mse
313 2846 337 2892 in
358 2847 445 2894 Tiburti
461 2861 500 2895 aur
521 2848 619 2909 Lepidi:
650 2861 740 2909 quonum
762 2845 841 2906 Lepido
855 2840 961 2902 acceffiffrr

76 2909 109 2956 ud
130 2909 239 2967 verbum]
273 2913 302 2958 ln
322 2906 384 2957 libro
405 2907 521 2975 Longolii
548 2915 574 2961 δι
597 2912 672 2965 altero
693 2906 852 2971 manuscripto
873 2908 907 2953 ita
927 2906 963 2951 le-

75 2973 141 3038 gitur
157 2971 196 3020 hic
217 2972 301 3021 locus:
333 2973 400 3019 Modo
416 2977 454 3035 effe
470 2979 493 3021 in
509 2976 622 3023 Tiburtino
639 2975 742 3035 Lepidi:
776 2985 866 3033 quocum
881 2969 963 3028 lapido

75 3033 174 3096 acreffiffe
188 3036 219 3082 ad
233 3037 311 3084 urbem.
334 3035 417 3085 Paullo
429 3035 500 3101 poll,
517 3053 561 3101 pro
577 3037 702 3091 itineribus,
732 3036 758 3083 in
773 3031 860 3082 codem
876 3044 963 3080 mauu-

27 3122 29 3127 *
75 3096 166 3162 scripto
182 3098 215 3148 est
227 3132 234 3155 ,
246 3101 349 3163 itineris.
364 3098 441 3150 Ursrn.
476 3101 544 3150 Nihil
561 3098 692 3163 discrepant
706 3095 735 3145 ab
750 3094 838 3145 excufis
855 3092 962 3144 Tornaefi

78 3162 107 3209 δι
125 3160 224 3212 Crusell.
242 3167 338 3213 Decurt.
354 3161 386 3213 fic
408 3162 501 3219 refert,
524 3165 585 3211 modo
601 3162 637 3222 effe
652 3165 676 3210 in
696 3163 785 3208 Tiburti
803 3165 856 3206 lraur
871 3157 961 3220 lapidi,

78 3226 200 3289 quodcum
216 3229 333 3288 Lepidus,
359 3230 388 3274 ad
405 3230 477 3273 urbem
491 3227 593 3288 acceffiffe.
627 3224 690 3273 unde
710 3223 845 3271 emendavit
860 3220 960 3275 Bolius,

79 3288 144 3336 arrodi
171 3292 207 3350 effe
230 3296 254 3337 iu
276 3292 363 3337 Tiburti
384 3292 553 3352 iraudlepide'3
578 3290 635 3352 quod
655 3304 703 3335 cum
730 3289 841 3347 lepidius,
867 3287 896 3332 ad
921 3299 973 3330 ur··

78 3353 127 3398 dem
149 3352 248 3413 acceffiffi.
288 3352 373 3402 Lamb.
394 3355 516 3416 vulgatam
541 3353 671 3401 restionem
690 3347 792 3414 sequitur
815 3364 867 3412 quc
884 3351 916 3396 ita
937 3341 961 3392 se
1003 3374 1009 3383 -

79 3412 168 3471 habet,
185 3419 244 3463 modo
259 3417 297 3478 effe
311 3421 334 3464 iu
350 3419 436 3465 Tiburti
451 3432 489 3465 aur
505 3419 595 3478 Lepidi,
613 3416 653 3478 qui
674 3432 722 3462 cum
743 3417 836 3477 Lepidus
856 3407 961 3470 acceffiffrr

78 3478 114 3527 ud
128 3480 209 3532 urbem.
241 3477 325 3544 Junus
340 3494 372 3531 ex
385 3477 439 3532 mli.
454 3480 503 3533 Pal.
521 3478 622 3543 vestigiis
638 3481 664 3530 bc
680 3476 816 3541 coujestura
831 3473 863 3526 fic
877 3484 960 3542 emqn·

495 3550 632 3599 ,Ausara
879 3533 958 3595 davit,

1013 3634 1077 3694 A
