2294 3914
90 102 288 190 Eprsr.
329 125 402 199 ιιι)
445 100 742 197 Arripuit.
785 132 870 207 rrae

31 216 116 280 edus.
136 220 261 295 egregius
276 218 473 291 Marcellinus,
493 238 594 281 omues
614 238 698 294 acres,
736 222 866 283 Metellus

31 296 129 357 unmia
150 296 260 355 dicendi
275 308 392 371 'tempus
413 296 540 370 exemit,
553 298 703 377 adjuvante
723 301 902 379 nOppim
917 308 1001 375 Apple

31 390 75 431 rm
86 373 202 431 hercule
218 372 345 432 familiari
357 386 425 441 tuo;
446 384 474 429 45
483 374 518 434 de
532 378 610 453 cujus
624 376 794 447 constantia,
812 373 965 453 vir-mg

31 466 48 507 e
68 450 219 507 verillrmae
248 450 356 509 litterae.
395 450 492 510 Sestius
520 454 619 511 furere.
652 453 698 512 ille
717 454 828 530 postea,
847 450 869 512 li

31 525 107 611 mitia
120 524 167 605 sna
180 538 239 585 non
252 525 367 597 fierent,
387 529 447 605 urbi
460 530 567 610 murari.
586 528 725 617 proposita
746 528 869 609 Marcel-

31 620 37 659 ι
51 601 189 673 sententia
204 645 213 672 ,
232 621 317 678 quam
330 604 375 663 ille
388 604 461 673 4⁶de
475 605 573 681 scripto
587 620 625 666 tta
639 607 762 677 dixerat,
781 620 868 669 utto-

31 678 186 749 nnollrarn
201 680 308 739 caulam
321 698 412 753 areae,
430 683 643 753 incendiorum,
661 684 776 759 periculi
789 688 867 762 mei,

816 780 865 841 11¹·

31 934 111 971 rrero
120 917 247 987 Botianam
257 922 452 987 emendationem
461 926 487 975 in
496 939 637 989 contextum
649 940 775 993 receptam.
800 932 865 985 Gra·

31 1000 49 1033 s.
83 984 137 1050 Jac.
149 990 257 1050 Grqnpu
275 984 333 1052 legit
338 990 376 1049 fed
387 992 445 1036 ilicet
456 993 586 1041 interim.

31 1062 58 1117 ζς.
75 1054 113 1095 De
123 1052 184 1109 cujus
193 1050 322 1110 constantia,
333 1055 415 1099 vr'rtute
425 1052 534 1113 vettffimae
545 1056 620 1101 littere
632 1052 698 1113 Sessr'r'
707 1053 788 1113 fuera]
804 1058 862 1107 Ma·

30 1112 102 1180 cripti
113 1112 225 1169 codices,
241 1114 410 1174 Sestiusfurrre.
427 1116 496 1165 uelit
508 1116 596 1178 furere,
612 1131 656 1181 pro
665 1115 774 1165 fruebare
795 1118 861 1182 quod

31 1188 102 1237 petens
113 1172 154 1226 est.
188 1176 311 1225 Debebant
322 1192 404 1239 tamen
415 1178 547 1243 asuperioti
558 1180 655 1244 periodo
668 1178 718 1228 haee
728 1178 777 1229 duo
792 1180 864 1240 verba

31 1236 83 1287 tetis
102 1234 222 1303 distingui.
256 1244 314 1289 Non
336 1253 427 1307 poterat
444 1244 496 1303 ullo
513 1243 603 1307 pado,
618 1244 718 1306 inquit,
738 1242 788 1291 huc
802 1242 864 1293 ferre

31 1301 94 1357 rue,
109 1300 166 1351 ideo
184 1317 213 1353 ue
222 1301 345 1352 fremebat.
379 1308 432 1353 Nec
448 1319 530 1355 tamen
544 1308 612 1367 hujus
626 1307 735 1361 lectionis
746 1307 810 1355 aliud
826 1320 864 1356 te·

31 1364 131 1413 aonium
142 1318 269 1424 irritemus,
285 1382 359 1431 quarn
368 1382 474 1417 veterum
486 1370 595 1419 codicum
606 1368 786 1431 austeritatem
802 1386 864 1433 qua·

31 1428 65 1489 pul
74 1428 199 1493 vulgatam
208 1431 273 1493 leqni
283 1432 387 1488 mauult,
403 1428 444 1479 suo
455 1431 551 1482 arbitrio
562 1466 569 1489 ,
585 1446 624 1480 me
635 1446 686 1481 non
701 1446 860 1498 repugnante,

32 1502 67 1541 at.
86 1496 200 1543 Victorius.
234 1493 373 1555 Constantia]
388 1492 513 1543 Presertim
523 1510 598 1560 quum
608 1499 730 1543 Serranum
745 1510 860 1559 generum

31 1553 102 1611 ebat,
118 1570 150 1603 ne
160 1556 319 1606 intercederet.
337 1564 403 1607 orat.
419 1556 472 1622 post
481 1557 582 1608 reditum
593 1557 624 1606 ad
634 1559 699 1619 Quir.
711 1560 736 1607 δι
747 1574 790 1623 pro
801 1561 858 1612 Sest.

31 1632 137 1683 mquam
148 1633 188 1681 per
198 1633 283 1668 notam
299 1624 404 1677 Hercule,
425 1620 516 1679 videtur
530 1620 547 1671 fi
566 1620 661 1670 nificare
675 1618 753 1669 nescio
767 1637 859 1686 quem,

45 1678 197 1751 vel'llrrnrles
206 1684 319 1749 diceretur
328 1683 356 1748 ab
366 1685 427 1733 illis:
444 1685 482 1734 vel
491 1684 538 1749 iple
548 1639 682 1748 irequeuter
692 1682 737 1733 hac
747 1687 862 1749 particula

31 1734 97 1801 mli,
112 1742 162 1794 five
172 1764 206 1793 me
216 1750 310 1805 hercule,
326 1760 439 1811 uteretur,
455 1760 480 1795 ut
490 1763 526 1811 ep.
534 1758 557 1798 6.
574 1749 598 1796 h.
609 1748 626 1797 l.
643 1749 706 1795 Dein
722 1763 766 1813 pro
780 1753 859 1797 Lr'tm

31 1805 70 1854 ier
79 1806 198 1867 furere'al.
214 1813 279 1871 lisera
291 1811 356 1867 Selii
366 1810 448 1870 fuere.-
465 1811 531 1874 quod
544 1812 621 1875 magis
635 1810 731 1869 placet,
747 1826 822 1874 quum
832 1815 859 1863 de

31 1870 67 1919 rio
76 1872 165 1921 melius
175 1874 301 1935 cohereat,
318 1876 343 1923 δι
354 1875 402 1923 illis
412 1874 558 1937 temporibus
574 1873 656 1939 Sestius
672 1888 723 1923 non
737 1874 813 1923 modo
830 1876 861 1924 li·

31 1946 51 1993 n
65 1938 136 1984 Orat.
154 1934 206 2001 post
222 1935 322 1985 reditum
337 1935 363 1984 in
378 1941 455 1985 senat.
473 1934 511 1999 scd
528 1933 611 2001 pueros'
625 1932 698 1986 ctiarr‘r
713 1936 744 2002 ad
760 1940 861 1994 Cicero·

31 2010 44 2043 n
60 1996 160 2049 miserit.
176 2014 213 2063 ep.
227 1991 263 2057 ιγ’.
284 1998 325 2049 lib.
337 2013 382 2048 111.
411 2001 519 2061 quamvis
534 2015 606 2064 porro
622 1999 658 2046 lris
679 1996 729 2046 indi
747 1998 860 2061 nitatibus

31 2059 71 2109 ius
80 2060 161 2111 furere
169 2060 216 2111 dici
226 2060 305 2127 pellit.
338 2062 423 2111 Cicero
432 2075 534 2118 tamen,
549 2076 604 2110 mea
619 2058 716 2125 quidem
730 2015 861 2118 innuentia,

31 2136 65 2171 ne
75 2138 130 2173 non
140 2124 226 2185 diceret
239 2127 314 2175 virum
329 2124 359 2173 de
374 2120 397 2173 se
411 2137 462 2172 tam
478 2123 539 2173 bene
554 2124 684 2181 meritum,
698 2120 741 2173 etsi
757 2139 808 2172 non
826 2126 859 2174 ira

31 2185 67 2235 lro
82 2186 138 2253 post
147 2184 210 2237 illius
221 2185 395 2254 perverfitarem
406 2185 520 2237 accusavit
534 2203 571 2253 ep.
581 2206 604 2248 4.
625 2185 666 2237 lib.
680 2201 711 2237 rr.
734 2185 765 2236 ad
779 2192 813 2250 Q.
828 2186 858 2240 fr.

31 2250 76 2301 ud.
110 2254 262 2301 Antonianus
271 2250 343 2315 liber,
360 2250 386 2300 δι’
396 2265 452 2301 cum
462 2267 492 2300 eo
502 2252 594 2316 aliquot
611 2250 670 2305 alii,
686 2256 722 2297 De
736 2254 797 2312 cujas
811 2270 861 2299 cm-

31 2314 69 2360 ta'e
82 2318 137 2363 vita
151 2328 191 2362 tau
206 2315 314 2377 veriffim
329 2318 411 2366 littera.
445 2312 537 2365 Prorsus
552 2316 618 2365 enirn
628 2327 667 2361 tue
683 2314 721 2363 vel
736 2315 861 2376 hujusmo·

31 2375 315 2441 ruippiamdefideratur‚
331 2376 398 2442 quod
411 2377 537 2442 liquescere
553 2380 579 2426 in
595 2377 732 2441 proximum
755 2392 859 2435 nomen,

31 2442 100 2489 vocis
109 2440 288 2491 similitudinem
298 2438 352 2489 saue
362 2439 434 2505 facile
444 2443 528 2505 potuit.
561 2446 614 2502 Qua
630 2442 723 2490 ratione
738 2455 817 2489 autem
829 2456 859 2489 er

31 2508 124 2562 evita,
139 2509 223 2553 virture
232 2504 289 2562 fiat,
304 2503 380 2566 quivis
390 2502 467 2568 potest
477 2500 562 2568 videre.
595 2507 662 2551 Nam
675 2518 705 2568 erc
715 2521 738 2549 m
748 2502 813 2561 faeie
823 2508 860 2560 vi,

31 2561 105 2625 t'xvt‘,
120 2580 162 2625 tu,
178 2567 249 2632 plena
258 2567 307 2616 fere
317 2566 391 2614 distin
397 2568 460 2615 erite
477 2582 528 2631 que
540 2563 672 2615 absolvetur
681 2566 791 2628 apiculo,
808 2581 859 2630 quo

31 2624 162 2683 rotabatur.
196 2631 305 2680 Omnino
320 2629 380 2678 milri
399 2629 479 2691 oratio
494 2644 579 2678 manea
596 2631 621 2677 dr
632 2628 729 2683 mutila,
746 2624 794 2677 fine
804 2644 863 2692 pro-

31 2694 90 2743 nine
103 2694 209 2743 Tua-uel
225 2698 278 2742 Mea
294 2692 392 2742 videtur.
420 2684 515 2755 lialasp.
548 2692 652 2739 Fadrnus
669 2705 754 2738 vocem
774 2695 859 2739 vincte

31 2756 193 2807 ralratlnviri
201 2771 254 2815 rau,
270 2756 412 2821 legebatque
421 2757 535 2804 translata
544 2754 745 2817 interpunctione,
763 2755 861 2815 decujas

31 2820 231 2878 laariew'rmua
241 2820 350 2883 veriffima
364 2821 449 2868 littere.
483 2816 640 2881 Pantagathus
655 2831 735 2866 autern
750 2831 793 2881 pro
808 2822 859 2866 vlr-

43 2883 179 2950 corrigebat
191 2898 292 2939 nutante,
308 2888 334 2933 &
346 2886 433 2932 Semitas
445 2897 537 2946 nomen
548 2880 654 2930 mutabat
669 2882 694 2929 in
710 2895 796 2928 uocem
807 2880 861 2940 fra-

32 2963 42 2993 .·
59 2950 177 3011 arqueita
192 2961 271 3014 totum
286 2949 368 2996 locum
378 2944 491 3055 lefebat:
508 2951 544 2992 De
563 2949 623 3005 cujus
641 2944 756 3003 constantia
772 2956 861 2991 nutante

31 3009 99 3071 t'ffim
115 3015 191 3059 littere
202 3012 289 3071 fratris.
304 3010 378 3069 furere
388 3013 397 3056 ι’
407 3012 426 3055 le
434 3007 509 3071 pastea.
526 3007 630 3059 urlinus.
648 3008 731 3072 Invitis
743 3004 816 3053 Mttlis
833 3004 862 3056 'ri

31 3077 65 3122 r'u
75 3074 189 3125 intrusum
199 3071 244 3125 fuit
256 3089 269 3122 a
279 3071 349 3123 Bofio
358 3087 389 3120 ex
404 3074 474 3121 unico
486 3078 623 3121 Decurtato.
654 3065 816 3133 Balliolensas,
832 3072 860 3119 de

31 3134 122 3189 imiimi.
138 3151 164 3186 ut
176 3135 292 3187 editiones
303 3133 392 3201 prispae:
408 3137 434 3182 de
444 3138 505 3197 cujus
514 3134 629 3193 conflantia
640 3137 724 3180 virtute
741 3132 862 3191 verrffimae.

31 3216 57 3249 e:
73 3202 100 3247 de
109 3206 170 3260 cujus
179 3201 294 3258 constantia
303 3217 328 3245 ac
339 3203 423 3245 rimare
432 3210 472 3245 tua
485 3197 595 3259 oeriffimae
610 3198 692 3244 littera.
727 3194 839 3245 Graevius.

31 3272 57 3315 e.
74 3266 214 3326 Descripta]
229 3267 288 3325 Non
298 3262 387 3325 peregit
398 3276 439 3309 ore
448 3274 556 3318 tantum,
573 3258 612 3309 led
622 3258 688 3307 domi
699 3256 855 3321 conscriptam

31 3328 139 3383 tionem,
156 3326 301 3389 allatumque
311 3325 417 3373 recitavit
429 3326 455 3387 in
465 3324 558 3379 lenatu,
574 3338 605 3371 ne
619 3336 666 3386 qua
680 3324 706 3369 in
722 3336 747 3369 re
761 3335 857 3370 memo·

98 3390 166 3439 ulum
176 3387 269 3446 adiret,
284 3400 309 3448 ut
325 3386 431 3437 solebant
446 3384 566 3445 interdum
580 3384 657 3449 facete
671 3385 697 3438 in
712 3384 857 3451 gravioribus

31 3404 129 3514 &mdo
143 3469 180 3511 ιο.
196 3456 306 3517 lamna·
337 3452 500 3517 monnau,

89 3524 93 3529 “
403 3518 491 3575 thcs
749 3524 788 3577 47·
805 3514 860 3557 ΡΝ·

77 3392 82 3401 .

49 3514 69 3529 ··ι
