2294 3914
204 150 286 236 1380
382 148 577 215 Lrnrrr
614 145 934 213 snit-inus

204 274 247 323 tes
264 284 271 323 :
290 265 414 340 primum
435 265 501 334 πρὸς
524 269 556 322 nl
570 263 717 339 uuonan:
746 264 835 341 (aliter
857 267 934 325 enim
956 262 1028 323 mihi
1046 264 1081 323 de

53 370 71 405 v
85 354 130 401 arri
144 340 255 409 „realis
271 384 280 410 ‚
299 358 333 400 ac
355 342 391 401 de
411 360 459 400 me
479 342 563 418 ipso,
591 342 792 402 consulendum
820 342 869 418 est)
894 341 998 401 deinde
1024 340 1081 399 'ad

55 417 101 472 talc
121 414 197 480 Μαί·
206 418 370 495 opiniones,
390 437 426 478 ne
447 418 705 495 reprehendamur,
724 418 804 495 quod
824 436 870 477 eas
889 421 996 477 Romae
1016 417 1083 475 veli-

208 510 269 552 mus
284 490 336 551 else
351 496 382 553 in
396 497 543 553 communi
558 497 699 554 bonorum
720 498 794 570 suga.
832 496 900 571 quin
927 496 1014 553 etiam
1035 494 1081 551 tibi

56 596 73 631 x
94 571 239 645 scripfisti&
253 570 401 641 Pedrceo,
422 571 558 646 (¹scrips1t
579 573 656 629 enim
676 571 711 630 ad
733 572 793 646 me)
833 571 881 630 uid
901 572 1023 638 faciatis,
1042 570 1082 627 ui-

56 648 108 695 altr.
210 644 334 705 dendum
351 648 395 705 est.
421 650 444 706 is
458 649 533 706 enim
549 646 578 702 48
586 648 713 723 splendor
727 648 765 706 est
779 590 918 717 veiirirm,
937 660 971 705 ut
985 645 1082 703 eadem

209 722 378 796 postulentur
392 722 407 782 a
422 726 519 793 vobis,
539 743 604 800 quae
618 725 652 783 ab
670 724 837 800 ampliffnnis
852 725 968 782 civibus.
988 722 1035 779 sed
1049 722 1081 780 de

29 797 32 805 '
59 824 75 873 y
92 823 132 857 me
147 799 265 867 deesthoc
279 799 444 871 tondebis,
464 803 568 878 quippe
583 800 646 859 cum
670 801 705 860 de
718 814 786 859 rme
800 800 857 875 ipso
874 843 883 869 ,
904 817 937 858 ac
959 797 996 857 de
1017 800 1081 856 meis

58 875 83 920 ἰν
94 873 147 920 artas
157 873 183 923 st
208 886 238 932 te
252 875 423 936 considerare
439 879 532 936 velim.
572 879 723 954 Reliquum
738 877 799 946 est,
818 889 849 934 ut
866 919 874 945 ,
895 878 925 934 ὃν
941 874 1010 951 quid
1024 892 1081 950 aga-

58 937 131 986 MSS·
209 962 277 1020 tur,
297 953 392 1028 quoad
413 957 536 1029 poteris,
557 956 707 1030 explores,
732 952 880 1029 scribasque
897 950 934 1010 ad
955 968 1004 1009 me
1022 992 1030 1020 ,
1056 953 1081 1010 ὃν

210 1028 278 1103 quid
297 1029 351 1104 ipse
366 1030 525 1107 conJesiurd
539 1028 676 1106 assequare
691 1050 698 1088 ι
719 1029 896 1106 quodetiam
918 1027 934 1086 a
957 1041 986 1087 te
1002 1029 1080 1103 magis

211 1105 349 1179 exspecto.
368 1124 454 1177 nam,
473 1108 532 1165 aeia
547 1109 676 1165 omnibus
690 1106 896 1175 nuntiantibus,
916 1103 979 1163 ate
995 1105 1081 1179 exspe-

213 1180 259 1238 eio
280 1183 379 1241 futura.
406 1189 543 1255 ννμνίντνς
564 1182 589 1240 δ’
610 1184 706 1253 bitrem.
746 1183 792 1241 Lo
813 1183 925 1241 uacitati
945 1180 1081 1257 ignosces,

212 1275 278 1333 quae
293 1260 322 1317 ὃν
336 1277 384 1316 me
404 1261 493 1330 levat,
513 1258 548 1318 ad
567 1273 596 1319 te
616 1260 730 1336 quidem
752 1201 942 1327 seuientem,
962 1260 994 1317 &
1017 1258 1081 1315 elicit

213 1345 273 1392 tuas
286 1334 394 1394 litteras.
435 1348 463 1391 50
471 1336 604 1412 AEnigma
619 1338 778 1413 Oppiorum
793 1354 828 1393 ex
843 1335 925 1392 Velia
939 1331 1080 1408 planenon

214 1410 345 1474 intellexi.
380 1422 405 1467 5¹
417 1414 454 1472 est
468 1415 545 1474 enim
559 1432 679 1475 numero
694 1413 812 1474 Platonis
827 1410 976 1470 obscurius.
998 1411 1080 1497 r2jan

1046 1504 1082 1546 mo

247 1672 285 1724 48.
300 1667 422 1729 Splendor]
441 1666 526 1724 idest,
541 1678 592 1716 tam
602 1666 701 1716 illustres
712 1668 737 1716 ὃν
749 1666 880 1717 eminentes
895 1664 923 1713 in
939 1654 1082 1725 equestrior·

215 1726 271 1775 dine
282 1727 347 1785 estis,
364 1744 389 1778 ut
398 1733 465 1793 quod
480 1731 572 1784 facitis,
587 1729 684 1794 perinde
695 1745 764 1778 errem
782 1733 808 1779 lo
819 1728 847 1776 stt
860 1741 882 1775 at
902 1742 932 1776 ue
942 1726 1083 1781 observetur,

216 1789 291 1853 quim
302 1793 367 1854 quod
384 1791 474 1842 sariunt
489 1791 586 1841 summis
603 1791 731 1841 honoribus
746 1745 788 1842 us.
816 1742 928 1856 splendor
944 1788 1042 1857 proprie
1056 1787 1084 1837 de

216 1853 333 1917 equitibus
346 1856 581 1919 Cicrprocrelxm.
614 1857 670 1914 Η.
682 1858 779 1907 Gronov.
819 1880 821 1895 ι

247 1933 285 1976 49.
301 1918 391 1971 bidente
401 1922 420 1967 d·
430 1924 539 1980 eptem]
553 1918 723 1979 Huiuscemodi
732 1916 808 1968 versus
819 1920 844 1967 dr
851 1916 985 1981 ditiaque
995 1928 1084 1980 prover·

213 1977 247 2028 bii
259 1981 307 2028 rim
319 1980 443 2038 baberent,
460 1981 521 2030 adeo
536 1995 596 2031 nota
612 1996 667 2031 tunc
682 1997 748 2032 erant
770 1984 796 2031 δι
807 1982 922 2046 vulgata:
953 1990 981 2028 ut
998 1992 1086 2028 rantum

213 2043 255 2106 qui
265 2041 406 2093 sententiam
422 2045 622 2094 illorumadferre
632 2045 718 2103 vellet,
735 2047 811 2110 prima
822 2044 891 2093 verba
907 2043 1085 2107 pronunciaret:

213 2106 305 2163 reliqua
325 2109 391 2155 enim
410 2107 608 2173 intelligebantur.
642 2109 735 2158 Nostris
756 2107 922 2170 temporibus,
944 2123 1001 2155 curn
1023 2104 1087 2154 multi

213 2170 293 2232 po'e'tae
304 2169 417 2218 vetustate
434 2172 562 2233 perierint,
578 2187 681 2234 quorum
697 2170 780 2235 scripta
796 2172 820 2219 in
841 2171 939 2218 theatris
957 2169 1086 2233 frequenter

212 2230 386 2289 recitabantur,
403 2232 426 2281 id
438 2234 516 2281 multo
527 2233 645 2283 difficilius
660 2234 708 2291 est,
723 2248 748 2282 ut
759 2234 876 2282 nonnulla
887 2233 1039 2281 inveniantur
1050 2230 1087 2279 de·

212 2293 306 2343 minute
322 2297 476 2358 pronunciata
491 2296 632 2358 proverbia,
655 2312 757 2361 quorum
773 2294 849 2345 seusus
866 2296 926 2352 vix,
941 2310 983 2344 aut
1002 2310 1033 2343 ne
1050 2296 1086 2343 vix

214 2357 327 2420 quidem,
339 2358 441 2421 intelligi
451 2358 541 2421 potest:
556 2372 692 2408 nontamen
703 2362 821 2424 integrum
832 2359 895 2408 hunc
905 2358 1046 2407 versiculum
1058 2370 1089 2406 re·

212 2420 316 2484 perimus
326 2423 351 2469 in
363 2434 470 2469 extrema
480 2424 587 2487 margine
601 2421 694 2471 secundi
705 2423 772 2471 libri:
790 2427 834 2471 ror
850 2425 961 2481 ἰμφννίων
982 2421 1090 2485 Appiani:

213 2497 270 2532 curn
280 2482 310 2531 de
326 2497 404 2533 morte
420 2482 515 2534 casaris
527 2498 605 2550 ageret
619 2502 625 2531 :
641 2483 673 2534 fic
691 2488 756 2534 enirn
775 2487 852 2549 inquit
867 2501 873 2533 r
898 2486 930 2533 Tr
943 2487 968 2533 δ’
983 2490 1040 2535 duri
1052 2484 1089 2532 uzi

214 2546 356 2619 Ἀλεξάνδρῳ
375 2548 490 2596 συνέπινεν
505 2549 627 2598 'sutrim
647 2549 694 2613 pig
716 2551 742 2613 ’νξ
758 2550 828 2597 ’itaet
844 2549 866 2602 'te
882 2548 1010 2603 Βαβυλῶνι
1027 2546 1089 2606 perd

216 2629 247 2660 vrrs
269 2615 343 2663 ςνατέ
359 2609 399 2659 sal
417 2609 578 2672 πλνσννίξοντα
597 2612 635 2660 lan
658 2612 796 2671 nepesinus
812 2611 831 2661 oi
849 2607 966 2659 Xandai'oe
982 2613 1022 2659 ttrit
1038 2612 1090 2659 ltca-

216 2674 252 2722 ὣν
269 2672 375 2736 inruptis
391 2673 411 2719 ir
429 2674 465 2735 ‘tris
482 2676 572 2734 rrapa‘rrrt
587 2678 619 2721 tt?
633 2675 659 2723 di
674 2680 701 2724 tro*
719 2672 824 2733 inperio
840 2674 950 2728 lenita&
963 2672 1001 2720 iri
1011 2671 1091 2729 uivere

215 2738 291 2791 ripas-ur
306 2736 352 2789 istc
366 2734 449 2795 irruisset
461 2738 542 2788 amur·
566 2738 656 2794 sro'npe
669 2738 722 2798 pedu
739 2738 758 2786 oi
769 2734 883 2784 Xaadeior
894 2738 942 2784 διε.
960 2741 1023 2783 Item
1033 2731 1090 2797 apud

215 2797 367 2848 Plutarchum
380 2799 405 2845 in
415 2800 589 2847 commentario
599 2801 647 2857 arpi
663 2802 708 2848 ’τῶν
723 2801 887 2847 {uarietatem
903 2802 1039 2860 χρνςννρίων,
1053 2797 1091 2861 qui

216 2861 333 2924 Euripidis
340 2861 431 2910 versum
438 2860 553 2918 effedicit,
561 2861 663 2922 haterius
669 2861 747 2910 verba:
757 2862 805 2908 ’ου
815 2862 860 2923 γάρ
871 2862 900 2908 uie
910 2860 1027 2919 Εὐριπίδην
1037 2875 1091 2917 φησι

218 2927 303 2985 pariture
319 2927 392 2977 ἄνις-νς
407 2926 453 2976 'is-te
467 2925 552 2987 ’ννννέζιν
568 2926 642 2976 καλῶς
660 2942 667 2981 3
689 2929 715 2975 δι
731 2937 815 2973 cetera.
849 2928 954 2972 Necnon
970 2924 995 2972 in
1012 2936 1043 2970 eo
1057 2922 1091 2969 eui

217 2988 300 3036 titulus
316 2985 348 3036 est
361 2985 407 3041 mei
423 2984 456 3033 r?
470 2994 503 3039 nl
518 2990 576 3048 χρίνν
592 2988 700 3045 ἶμνιιτρεν
717 2988 750 3036 νῦν
766 2990 804 3035 ‘tir
816 2986 907 3035 πυθίιν·
934 2983 977 3033 etsi
994 2983 1028 3033 ibi
1044 3000 1091 3033 non

217 3051 279 3099 nibil
291 3051 315 3098 in
327 3044 414 3098 errcufis
425 3049 576 3100 desideratur.
609 3051 695 3098 Cicero
706 3049 769 3098 hunc
779 3047 894 3098 senarium
912 3049 1028 3097 Latinum
1040 3047 1091 3097 fecit

218 3112 260 3163 lib.
269 3129 299 3162 11.
316 3112 347 3162 de
356 3115 525 3163 Divinatione:
540 3113 671 3176 Estquidem
678 3117 763 3160 Gracus
773 3114 848 3172 versus
859 3116 881 3158 in
893 3115 948 3158 hanc
954 3113 1093 3171 sententian,

219 3181 274 3223 Bene
288 3182 327 3237 qui
337 3181 451 3234 conjicio,
468 3192 541 3225 vetem
556 3180 611 3223 hunc
626 3178 729 3237 perbibere
745 3180 865 3238 optimum,
886 3188 912 3222 ut
929 3188 969 3222 tot
978 3176 1094 3238 exemplis

222 3253 313 3286 certum
323 3254 385 3287 nunc
396 3239 487 3289 fusium
502 3238 545 3298 fit,
568 3254 642 3304 quam
657 3236 776 3287 hocloco
791 3237 839 3286 hac
857 3241 939 3287 Graeca
953 3237 1028 3287 verba
1049 3238 1095 3287 rim

222 3300 333 3350 habeant.
369 3306 445 3352 Vilior.

241 3381 294 3475 150.
312 3369 424 3427 ‹AEnigma
434 3370 568 3430 Oppiorum]
592 3364 705 3413 Manutio
721 3364 813 3415 videtur
827 3363 931 3429 epistolar
946 3364 1098 3430 principium.

225 3431 299 3477 serit.

255 3507 295 3551 st.
310 3490 348 3555 12⁴st
357 3493 415 3543 emin
425 3508 511 3545 numero
521 3494 639 3552 eruenta]
666 3487 753 3547 nobas
770 3491 911 3552 muttire,
927 3493 1010 3543 Timar
1025 3494 1100 3566 Plato·

1051 3570 1098 3612 ms,
