2294 3914
69 181 264 247 Error.
306 205 378 253 an
419 190 714 256 Atratum.
779 191 858 270 1467

31 288 128 366 ecipue
142 289 235 363 Cnaeo,
246 287 340 348 nostro
354 288 576 362 delectabantur,
595 309 630 349 ex
651 289 748 366 quibus
768 289 862 366 quoti-

31 367 170 443 :aliquem
185 366 287 434 video,
307 367 399 426 nescio
420 387 486 446 quas
507 370 566 444 ejus
587 366 719 426 Lucerias
739 365 864 425 horrent.

31 460 85 518 que
99 460 215 519 quaero,
234 443 284 519 qui
298 442 350 502 stnt
363 445 403 503 isti
417 446 581 521 optimates,
600 443 687 518 arqui
702 459 750 500 me
771 453 864 500 extur-
963 513 972 529 ·

31 531 75 587 nt,
95 519 204 578 rcumi
224 517 337 579 fidomi
353 537 496 582 maneant.
532 520 579 581 sed
601 532 714 589 tamen,
754 519 885 577 uttan-t
900 512 1016 590 §mast

32 613 48 652 e
70 593 154 664 sunt,
174 538 295 661 aldanum
316 598 416 666 Τρῶας,
455 598 527 668 etsi,
546 611 601 673 qua
620 595 675 681 spe,
686 537 840 669 prodciscar
855 637 865 664 ,
878 574 934 630 W·

31 671 79 731 leo
87 694 96 738 ;
118 673 317 749 coniungoque
331 693 378 732 me
392 693 457 733 cum
471 676 589 734 homine
604 688 690 753 magis
710 671 746 731 ad
760 672 867 755 vallan-

33 766 62 805 m
86 749 216 818 ltaliam,
243 749 329 823 quim
350 751 385 810 ad
399 751 570 812 uincendum
591 761 709 825 parato:
730 748 865 807 ⁸demum
879 771 891 803 s
906 758 952 808 alia·

31 843 82 882 em
97 824 233 904 exspecto.
253 828 283 884 &
297 827 429 901 quidem,
449 827 514 886 cbtn
527 828 590 886 haec
603 824 750 883 scribebam
760 843 799 884 tv.
813 844 866 884 no·
879 819 996 877 domum,
1020 887 1022 893 ,

31 902 113 976 sjam
129 901 316 977 exlpcdlabam
329 904 431 980 aliquid
444 903 461 963 a
477 902 627 963 Brundisio.
654 901 758 977 taquid
772 913 866 961 autern
879 896 917 957 ‘F‘
932 881 1022 933 Μ·
1042 946 1045 950 Α

32 975 120 1054 quid?
140 978 226 1055 qu'am
240 978 304 1037 inde
318 983 432 1056 turpiter
445 980 570 1058 fugisset,
590 981 620 1037 ὃς
634 977 723 1036 vietor
737 978 862 1055 hietqui
878 959 955 1074 {¹2¹2
965 1010 1013 1057 m

39 1054 151 1112 referret
178 1057 207 1113 &
229 1054 319 1132 *qud
339 1057 417 1133 quod
430 1057 477 1115 ubi
494 1053 626 1117 audillcm
644 1076 654 1123 3
673 1053 694 1111 fi
714 1055 759 1113 ill'e
775 1056 895 1131 Appiav
916 1042 1024 1138 quomo:

31 1133 123 1198 niret,
143 1149 197 1209 ego
211 1142 238 1188 45
247 1133 386 1208 Arpinum
402 1135 567 1211 cogitabam.
879 1135 926 1193 do,
942 1134 983 1213 abl

32 1320 64 1355 rr.
79 1307 162 1371 reliqui
175 1321 251 1357 turne
270 1309 344 1364 uites,
359 1320 411 1358 rum
420 1307 507 1357 tribuni
517 1309 596 1357 aerarii.
612 1323 642 1357 ex
658 1305 731 1356 tribur
745 1308 812 1356 enim
827 1323 868 1357 or-

31 1369 96 1417 nibur
107 1370 192 1429 judices
208 1323 364 1434 regdantum
387 1386 412 1421 ut
428 1371 530 1420 declarat
548 1371 666 1420 Pedianus.
684 1383 792 1420 ccccx.
809 1385 871 1434 quos

31 1433 130 1495 ›mpejus
140 1435 237 1498 legerit,
253 1436 381 1482 nominant
397 1435 532 1483 Plutarchus
549 1435 574 1482 δι
597 1434 707 1494 Velleius.
742 1439 768 1482 P.
781 1436 873 1483 Manui.

31 1496 92 1540 adicer
106 1503 220 1555 nocem]
234 1496 317 1561 Junius
328 1497 399 1546 refert
409 1495 463 1546 mis.
473 1499 546 1546 l’alat.
557 1495 643 1546 habere
655 1510 780 1554 cccu,ex
788 1496 874 1562 quibus

31 1558 103 1614 injicit
112 1560 239 1623 legendum
252 1574 360 1609 ccccx.
396 1563 468 1611 cleric.
540 1596 543 1603 ,

36 1638 74 1679 43.
90 1623 140 1682 Qr'
149 1641 182 1668 me
191 1626 298 1670 exturbent
309 1656 317 1679 ,
327 1640 380 1678 ‚tum
388 1624 428 1688 ipfi
437 1625 497 1671 domi
505 1627 628 1681 maneant]
659 1621 746 1672 Debuit
756 1623 875 1673 declarare

32 1698 87 1731 curn
104 1684 165 1732 unde
184 1685 206 1734 se
223 1685 371 1736 exturbarent
388 1703 395 1732 a
417 1701 563 1751 quatenos,
580 1689 620 1748 qni
633 1705 667 1733 me
681 1687 789 1733 exturbent
803 1691 875 1733 euntis

31 1745 181 1811 ligavimus:
195 1751 232 1798 ita
243 1750 309 1797 enim
323 1749 372 1799 fere
390 1749 478 1799 habent
494 1746 645 1858 manuscripti
659 1749 759 1799 codices.
793 1755 877 1796 Extar-

31 1828 67 1866 Ὶνε,
83 1810 116 1859 est
127 1812 223 1860 deloco
239 1814 355 1862 violenter
370 1828 485 1869 movere,
515 1814 541 1861 δι
557 1826 604 1874 qua
637 1813 778 1877 precipitem
796 1827 876 1876 agere.

31 1873 50 1921 tsr
62 1888 141 1922 autem
156 1874 224 1924 domi
239 1890 370 1930 maneant,
396 1875 466 1925 orioli
482 1873 592 1924 omnibus
607 1874 817 1925 commoditatibus
829 1876 876 1923 cir-

30 1936 204 1996 tmfluentibus,
219 1941 245 1987 in
258 1954 297 1987 me
307 1952 386 1987 autern
396 1939 657 1989 severitatemexercere
672 1940 761 1988 volunt.
796 1941 876 1989 Vilior.

35 2000 78 2048 ibil
89 2016 171 2060 muto,
187 2017 265 2065 neque
276 2001 335 2050 mihi
347 2002 422 2064 placet
439 2007 486 2050 Pet.
503 2001 602 2053 victorii
617 1999 773 2059 emendatio,
787 2005 829 2063 qai
841 2017 877 2048 me

31 2067 115 2111 turbent
126 2069 210 2120 (umis,
226 2067 335 2129 quamvis
349 2079 403 2113 earn
415 2063 525 2123 adjuvent
536 2065 647 2112 nonnulli
662 2063 755 2113 codices
772 2063 878 2112 manusc.

31 2140 66 2174 tm
76 2130 173 2190 antiqua
183 2129 225 2176 illa
235 2127 344 2190 scriptura
357 2127 483 2191 depravata
494 2126 546 2182 est,
569 2128 594 2175 dc
611 2142 641 2176 ex
658 2144 707 2175 cum
718 2131 752 2174 his
765 2129 796 2186 fi,
813 2123 879 2190 quod

31 2193 121 2252 peritur
131 2192 156 2239 in
166 2190 231 2240 libris
246 2192 312 2247 illis,
326 2189 461 2240 faciendum
477 2189 530 2247 est,
550 2207 599 2237 cam
613 2191 671 2255 ipst,
688 2205 739 2240 non
752 2195 837 2246 rumis,
853 2202 880 2238 ut

31 2253 121 2303 ultille.
155 2256 280 2301 Lambinus.

40 2334 79 2373 44.
96 2320 240 2379 Qidautem
253 2320 359 2381 ailquid]
375 2319 455 2366 Aliud
472 2331 516 2382 pro
533 2317 621 2381 aliquid
639 2316 711 2365 habet
733 2329 799 2365 vetus
813 2317 881 2369 liber.

34 2397 84 2428 rm.

40 2459 78 2499 45·
98 2447 232 2506 Arpinum]
247 2447 279 2492 Ut
294 2443 356 2492 illius
371 2439 521 2506 congressum
537 2442 619 2492 vitem.
653 2444 763 2495 Timebat
775 2442 879 2503 scilicet,

31 2520 52 2560 e,
70 2521 170 2570 rogante
185 2506 277 2554 Caesare
291 2519 316 2554 ut
334 2506 364 2555 ad
379 2504 460 2554 urbem
481 2504 583 2562 rediret,
600 2504 638 2554 vel
659 2522 756 2573 negaret
773 2522 828 2555 cum
837 2525 882 2573 pe·

31 2569 107 2623 culo,
128 2570 166 2618 vel
188 2568 332 2618 allentiretut
351 2585 405 2618 curn
426 2566 541 2616 dedecore
557 2601 564 2625 ,
583 2571 697 2634 Pompeio
712 2607 719 2624 ,
737 2574 764 2622 bc
776 2583 834 2618 cunr
849 2587 881 2620 eo

31 2630 148 2743 nimbus
178 2634 308 2697 multisque
334 2630 491 2682 consularibus
521 2645 552 2679 ex
586 2631 643 2682 urbe
674 2634 725 2696 jam
760 2633 881 2699 proseuta

31 2732 37 2746 .
109 2709 142 2746 ur.
