2294 3914
72 92 273 159 Eris-r.
314 110 387 157 ιιι)
428 98 728 169 Africum.
790 114 872 181 ¹125

31 214 63 263 m
85 196 233 271 difficilem
252 198 483 276 manifestamque
513 200 653 274 causam,
699 202 745 261 sed
776 214 872 265 tomen

31 272 128 337 ubine
149 274 179 360 id
192 286 301 350 poterat
314 274 423 333 infitiari
437 299 446 344 ς
468 288 576 351 poterat
596 280 625 336 in
648 278 715 343 alios
729 278 850 338 derivare
858 300 869 344 ;

31 362 105 411 terat
118 360 203 409 etlam
224 350 327 427 aliquid
343 352 406 427 jure
425 352 530 412 sudium
551 354 711 419 defendere.
745 354 804 429 post
823 356 871 411 has

31 428 111 496 inas,
129 427 258 505 incendia
276 470 285 497 ,
306 429 442 503 rapinas,
468 429 585 488 desertus
605 430 622 489 i
643 432 718 501 suis,
739 431 785 489 vix
811 430 871 505 jam

31 504 191 565 Decimum
204 502 426 580 designatorem,
445 506 492 565 vix
507 507 629 571 Gellium
642 510 761 569 retinet:
779 504 874 567 servo-

610 622 613 627 ·
808 598 873 645 rum

31 734 73 771 um
85 720 210 773 ciceronis
220 721 250 771 ab
260 719 357 773 exsulio.
374 720 455 787 itaque
465 723 490 783 in
502 724 782 788 OrationeproMilorre,
798 722 868 789 Quis,

31 786 82 849 luit,
101 789 139 833 hoc
154 788 247 842 credat,
269 794 304 837 (b.
321 789 445 847 Pompeium
455 790 568 847 judicium
583 790 749 849 exspesfaturum
762 786 830 849 suiffe
846 789 871 831 in

31 848 142 909 uindiciis
152 849 308 907 vindicandis,
324 846 365 915 qui
373 851 410 895 ve!
420 852 508 910 judicia
519 854 564 914 ipsa
573 854 656 897 torreret
667 858 679 897 i
697 866 751 899 eum
767 849 797 898 de
809 847 871 897 Clo·

31 912 175 976 rinrelligat.
207 916 238 961 Et
250 912 275 960 iu
285 909 365 961 senatu
375 904 428 974 post
441 913 555 970 reditum,
570 918 627 960 Min
641 916 737 960 clodium
751 914 776 960 de
794 916 822 960 vi
831 924 872 974 pr-

31 976 95 1025 kvrt.
109 974 179 1037 postu
190 991 256 1041 quum
268 976 375 1023 abeodem
388 977 563 1036 iudiciasusiuta
573 977 609 1037 effi
620 978 693 1033 vidit,
709 994 733 1023 ne
746 977 785 1023 ilie
797 978 870 1021 omitia

31 1038 96 1101 pcffet
105 1038 196 1100 efficere,
212 1042 309 1088 curavit.
344 1036 436 1087 Eodem
448 1039 563 1104 loquendi
575 1053 660 1105 genere
670 1036 721 1087 usus
733 1038 765 1086 est
777 1040 801 1086 in
813 1052 869 1087 ora-

31 1114 115 1213 m
124 1101 194 1151 sula
229 1106 376 1159 Autronius,
393 1103 487 1165 inquit,
502 1107 596 1151 ambitus
607 1104 720 1161 judicium
733 1103 826 1159 tollere,
842 1118 867 1149 uc

133 1167 219 1222 sciuit,
235 1166 323 1223 conflato
334 1168 482 1229 gladiatorum
502 1183 527 1213 uc
540 1168 688 1231 fugitivarum
704 1167 808 1214 tumultu.
840 1168 865 1215 1³.

31 1238 92 1279 ιιιιιι.
125 1230 233 1287 Nescim]
248 1232 282 1276 Fu
300 1226 382 1287 ebat,
398 1242 469 1292 atque
480 1229 555 1285 adeo,
570 1244 595 1278 ut
607 1229 676 1277 multi
686 1230 760 1277 etiarn
771 1228 865 1292 legunt,

31 1288 89 1341 uia.
110 1304 170 1341 orat.
188 1291 241 1356 post
256 1308 267 1341 r
298 1294 357 1362 'rum
374 1294 399 1341 in
416 1297 494 1342 senat.
511 1307 583 1355 atquc
597 1290 697 1361 idipsum
713 1296 745 1354 Q
762 1290 866 1339 Metello

31 1352 173 1419 poecfratre
189 1359 247 1403 cos.
264 1364 324 1420 app.
336 1355 439 1405 claudio
451 1358 510 1404 item
524 1355 596 1403 fratre
610 1360 671 1409 irat.
689 1357 714 1405 de
725 1358 789 1405 Sext.
802 1354 867 1403 Atri-

35 1417 417 1491 senrnomih.p1.favenribus,
430 1420 474 1528 gui
490 1414 636 1485 potissimum
653 1432 722 1466 exem
739 1418 790 1464 ium'
805 1430 865 1481 pruc-

31 1476 146 1529 rrffimum
157 1482 183 1529 in
193 1478 310 1545 posterum
320 1483 429 1531 uindicari
448 1497 465 1528 ιι
477 1480 597 1534 seditionis
608 1480 637 1528 de
650 1485 708 1545 Rep.
716 1434 861 1529 iisstuienmt.

41 1541 118 1609 longa
129 1541 159 1591 ad
174 1544 267 1601 Lenem.
286 1548 371 1595 cirrati.
405 1549 469 1593 Cum
483 1547 523 1594 iex
539 1544 569 1593 de
583 1544 659 1592 reditu
675 1540 796 1592 Ciceronis
813 1544 863 1603 iata

31 1600 84 1663 ffer,
99 1605 193 1671 ipseque
203 1612 227 1657 Ρ.
240 1608 354 1664 Clodius,
370 1608 472 1657 studium
482 1609 564 1673 popuii
574 1621 629 1672 erga
640 1606 709 1656 illurn
721 1603 825 1654 vidisset:
836 1618 863 1653 ut

31 1668 92 1717 nicia
101 1669 240 1733 impediret,
256 1686 310 1747 eum
321 1671 489 1736 gladiatoribus
499 1686 559 1735 quos
575 1674 605 1721 C.
617 1670 689 1719 frater
704 1672 729 1718 in
744 1668 813 1717 ludos
823 1668 864 1718 fu-

31 1730 864 1860 dirimimus}zusf‘fissss‘ssi‘ffssrffssasss‘i‘srfisit

31 1858 100 1916 ione,
118 1874 148 1907 ne
158 1861 270 1917 iudicium
281 1860 346 1911 fieret
357 1896 365 1917 ,
387 1863 456 1910 omni
471 1877 518 1926 ope
533 1859 710 1915 contendebat,
726 1873 751 1907 ut
763 1859 862 1907 comitia

31 1921 110 1979 ilitia,
125 1938 226 1985 quorum
238 1922 284 1997 ipse
295 1923 432 1973 candidatus
442 1939 505 1981 erat,
521 1938 577 1971 anre
590 1923 742 1978 haberentur,
759 1921 862 1985 sperans,

49 1982 68 2043 fi
84 1986 165 2037 AEdilis
181 1986 246 2035 fieret
262 2021 270 2042 ,
286 2000 311 2034 ut
331 1986 407 2036 fadus
429 1986 493 2043 suit,
516 1988 627 2045 iuditium
648 1984 777 2033 evasurum:
813 1981 861 2031 Etsi

31 2047 156 2099 m'uumeu
168 2048 236 2113 ipsius
247 2048 353 2098 delatum
364 2050 456 2105 fuerat,
474 2048 566 2114 Judices
576 2061 657 2097 tamen
670 2048 743 2110 sortiri
752 2045 860 2094 nondum

31 2110 104 2169 nudi
115 2112 229 2161 Metellus
239 2110 343 2170 Consul,
355 2115 395 2176 qui
406 2111 497 2160 Clodio
507 2111 629 2167 studebat,
647 2111 738 2174 pratori
755 2108 864 2157 inhibue-

30 2206 40 2232 ,
53 2175 162 2239 nequod
172 2190 228 2225 anre
238 2174 388 2225 sortitionem
398 2176 466 2224 illam
477 2175 587 2235 iudicium
596 2174 698 2231 faceret,
715 2173 860 2237 comitiaque

31 2238 70 2287 reri
80 2236 191 2287 volebat:
225 2253 260 2287 uae
275 2240 358 2296 Milo,
379 2254 429 2304 quo
446 2239 555 2297 judicium
568 2237 651 2293 fieret,
672 2236 862 2286 obnuntiationi-

39 2300 167 2351 eximebat.
199 2254 273 2365 quue
288 2301 321 2351 est
334 2337 341 2359 ,
356 2304 421 2367 quod
441 2303 485 2350 hac
500 2301 599 2367 epistula
614 2297 723 2350 scribitur.
757 2298 862 2348 Historia

31 2362 94 2429 apud
107 2365 225 2423 Dionem,
241 2365 281 2413 lib.
290 2380 376 2416 xxxix.
411 2368 502 2428 Mulasp.
553 2363 556 2373 “

31 2444 59 2485 ιγ.
75 2432 193 2475 Decimum
202 2429 369 2488 digamorum]
384 2430 430 2477 iiio
439 2432 464 2478 δι
475 2434 538 2479 Sext.
551 2427 652 2476 Clodius
667 2425 815 2482 facinorum,
832 2427 859 2475 &

31 2504 121 2541 trorum
133 2495 156 2541 P.
168 2490 252 2541 Clodii
261 2505 327 2540 erant
342 2505 442 2542 autores.
458 2508 501 2555 pro
519 2498 593 2540 Dom.
611 2488 792 2554 Defiguatorem
802 2502 861 2537 vero

32 2554 92 2603 tvei
104 2554 145 2617 qui
157 2569 210 2603 vere
221 2553 356 2619 designator
370 2554 440 2608 edet,
455 2556 493 2602 vel
504 2556 546 2617 qui
559 2567 752 2616 unumquemque
770 2552 800 2599 ad
816 2566 862 2599 ιπ-

31 2614 197 2683 rdeiignaret,
213 2632 239 2667 ut
255 2620 367 2667 Catilina.
386 2631 445 2665 orat.
455 2634 474 2665 1.
491 2618 516 2665 in
530 2616 602 2665 Catil.
623 2617 708 2662 Corrad.
743 2616 859 2662 Decimus

31 2682 120 2733 senius
130 2678 219 2729 assecla
230 2680 310 2730 clodii
324 2681 433 2729 homines
443 2693 521 2744 turpes
532 2683 557 2729 &
569 2678 671 2727 infames
683 2695 689 2723 :
706 2676 736 2724 de
753 2678 797 2725 illo
809 2691 861 2724 me-

31 2744 57 2793 tit
68 2760 112 2809 pro
122 2749 220 2802 Domo,
236 2745 322 2793 dehoc
333 2749 376 2792 Pro
388 2744 485 2799 Sextio,
501 2742 531 2790 de
541 2740 636 2806 Aruspic
661 2739 761 2809 respons.
772 2746 807 2788 -1n
813 2744 861 2787 Va-

31 2822 80 2860 um.
114 2808 239 2869 Destinatus
248 2807 281 2856 est
291 2821 384 2855 wrator
395 2808 419 2856 δι
431 2805 515 2854 arbiter
527 2808 563 2854 vel
575 2805 684 2867 ordinis,
699 2805 737 2852 vel
747 2804 809 2861 ioci,
819 2802 858 2851 vei

31 2871 81 2923 mii.
115 2873 211 2919 Varium
228 2873 292 2920 enim
329 2886 386 2919 enus
401 2883 450 2917 emt
467 2868 666 2932 Defignaroium,
683 2870 708 2916 &
723 2880 800 2916 errant
817 2866 859 2929 qui

31 2932 157 2991 seiusdem
168 2886 337 2998 generissuide
352 2946 435 2998 purant
476 2927 542 2981 Nam
558 2928 597 2981 a'iii
616 2930 785 2994 Designarores¹
800 2945 859 2976 con-

31 2998 105 3046 rendae
120 2995 213 3046 funebri
230 3011 321 3060 pompae
328 3009 470 3106 praeerant,
492 2995 590 3067 fingulis
605 2993 730 3042 incedendi
746 2991 857 3041 ordinem

31 3058 156 3109 scribentes
167 3080 175 3117 ;
191 3059 233 3124 ipsr
244 3075 297 3108 eum
309 3060 326 3107 li
352 3058 429 3108 oribus
442 3061 522 3106 attaris
532 3058 703 3111 circumibant,
720 3069 746 3102 ut
762 3054 856 3103 turbam

31 3137 141 3180 suerent,
156 3123 214 3173 teste
226 3129 325 3171 Donato
336 3125 360 3171 in
375 3121 474 3186 Adelph.
486 3128 582 3170 Terent.
615 3126 666 3167 iios
682 3120 795 3181 intelligit
811 3120 856 3167 ci-

31 3186 107 3252 rbic,
121 3190 146 3236 be
159 3187 270 3253 Horatius
282 3184 343 3233 libro
355 3187 435 3249 primo
446 3184 509 3249 epist.
522 3182 634 3239 secunda,
776 3186 779 3191 '

49 3286 53 3295 ,
121 3253 277 3314 Defignaturem
294 3250 378 3296 decorat
387 3250 496 3295 lisiardus
505 3252 568 3295 atris.

31 3327 70 3369 sca
86 3313 116 3362 de
128 3314 227 3362 Benefic.
243 3311 284 3361 lib.
297 3326 332 3362 vr.
354 3310 492 3360 Tertullian.
510 3316 547 3357 De
558 3308 705 3373 spedacuiis.
740 3308 788 3356 Alii
798 3307 853 3356 locu

31 3377 75 3426 lica
83 3378 109 3425 iu
120 3378 253 3441 spedacuiis
264 3374 389 3430 curabant,
404 3377 429 3423 δι
441 3375 503 3422 viros
520 3373 652 3426 honoratos
678 3370 798 3421 erturbam
811 3370 855 3419 de·

31 3438 99 3495 ubam
114 3442 141 3496 iu
156 3440 206 3497 suas
225 3438 290 3498 tudes
309 3437 405 3507 publico
420 3436 569 3551 mssnisterio,
591 3448 617 3487 ut
633 3388 721 3489 indicat
737 3435 853 3545 Proioprts

461 3515 529 3556 cera
828 3510 859 3543 a·
