2294 3914
160 138 355 221 Enisa.
396 158 467 217 nii
509 156 808 218 Arrieoit.
848 164 930 240 ¹4²¹

57 267 159 324 'ereue
179 264 363 340 periculosum
391 262 447 333 sit,
475 273 530 321 ean
551 262 676 338 accipere
703 258 869 320 invidiosum
896 260 954 330 ade
969 279 1083 345 ,mecm

97 340 169 400 nos?
190 342 283 401 brem
302 383 311 410 ,
331 341 445 418 inquis,
471 338 612 397 difficilem
635 340 664 397 ὅ(
685 336 904 413 inexplicabilem
920 340 1050 405 ldesmat·

55 418 134 493 atqui
148 419 307 494 explicanda
323 416 367 475 est.
406 414 457 492 qul
471 415 546 475 enim
561 412 621 473 fieri
634 413 722 491 potest
739 412 751 471 ἓ
770 431 802 471 ac
823 430 860 471 ne
883 408 993 469 meMS·

61 493 221 553 existimaris
247 494 283 551 ad
303 492 474 552 manendum
503 490 556 549 ell'e
585 490 818 568 propensiorem,
851 486 955 578 qubdd
969 524 1068 593 “me-

56 570 134 645 plura
147 573 176 629 in
190 566 274 628 deam
289 582 395 645 parterii
411 570 491 627 verba
505 568 619 626 fecerim
635 588 643 626 ε
663 566 751 643 potest
765 564 822 623 fieri
834 607 842 633 ,
852 562 930 641 quod
939 596 992 642 Ma.
1009 594 1036 644 p,

57 644 90 703 fit
104 648 133 704 in
154 646 246 704 multis
260 644 470 723 quaestionibus,-
490 656 521 703 ut
535 654 576 703 ¹res
590 643 730 703 verbosior
751 644 813 701 haec
828 643 911 700 suerit
921 683 929 709 ,
939 658 972 706 aa.
983 668 1028 703 vn.

55 722 103 780 illa
115 723 217 780 veriora
254 724 454 799 quamobrem,
475 734 506 779 ut
521 721 642 779 maxima
656 722 691 779 de
705 737 752 789 re,¹
772 736 857 795 aequo
871 718 931 777 ani·
956 724 981 770 Ρ.
994 717 1082 768 CXXI·

58 814 111 856 mo
129 797 306 869 deliberanti,
324 799 361 858 ita
376 798 444 857 milii
458 797 505 855 des
520 796 668 859 consilium
680 798 774 855 velini.
812 794 888 854 navis
899 792 930 853 dt

55 874 87 933 iri
106 872 201 950 Cajeta
216 875 253 933 est
266 888 356 951 parata
370 875 449 933 nobis
463 875 493 932 bt
506 872 646 932 Brundisii.
683 872 730 931 sed
743 890 809 931 ecce
823 871 931 940 nuntii5

57 949 193 1008 scribente
215 970 262 1010 nie
282 952 344 1009 haec
364 950 418 1027 ipsa
439 948 526 1009 nodu
540 951 568 1008 in
583 950 714 1016 Caleno,
735 966 801 1007 ecce
813 947 930 1015 litterae,

58 1025 198 1084 Caesarem
213 1027 248 1085 ad
262 1026 437 1095 Corfinium,
455 1026 615 1085 Domitium
631 1024 746 1084 Corfinii
767 1041 832 1081 cum
846 1021 930 1083 firmo
1037 1090 1042 1095 ‚
1059 1090 1061 1094 ἱ

57 1104 202 1170 exercitu,
222 1104 252 1161 δι
266 1119 386 1178 pugnare
408 1103 546 1177 cupiente.
585 1121 645 1161 nori
666 1115 733 1176 puto
756 1102 839 1159 etiarn
854 1100 953 1159 eboce
967 1098 1070 1155 bic'alts'.

60 1178 182 1237 Cnaeum
201 1179 324 1238 nostrum
344 1175 578 1247 commissurum,
605 1192 635 1237 ut
662 1178 824 1236 Domitium
850 1176 932 1235 reliti-

59 1265 144 1331 quat:
165 1255 213 1313 etti
226 1253 399 1315 Brundisium
415 1256 574 1331 Scipionem
598 1272 664 1313 cum
685 1254 843 1313 cohortibus
864 1252 932 1310 dua·

60 1331 112 1390 bus
124 1332 291 1407 praemiserat
298 1355 308 1400 ;
329 1331 470 1408 legionem
485 1330 598 1391 fFaustu
611 1330 792 1406 conscriptam
810 1372 818 1398 ,
847 1329 877 1389 iri
891 1328 930 1387 Si·
941 1327 957 1377 s
967 1326 983 1377 ³
997 1326 1082 1379 raaste

60 1408 153 1467 ciliam
172 1406 255 1467 atsibi
265 1410 371 1484 placere
385 1407 401 1466 a
417 1407 549 1465 tconsule
564 1408 645 1477 duci,
664 1407 799 1482 scripserat
811 1406 846 1464 ad
862 1422 930 1463 con·
940 1395 990 1440 “¹¹·
1029 1450 1084 1501 Μ..

60 1483 138 1543 sulesr
175 1483 220 1542 se'd
234 1497 313 1561 turpe
328 1484 489 1543 Domitium
505 1483 625 1542 deserere
641 1485 715 1553 erit,
734 1482 930 1557 implorantem
940 1467 1084 1567 §affin

59 1561 119 1636 ejus
138 1560 280 1619 auxilium.
326 1560 364 1618 est
398 1558 527 1637 quaedam
553 1559 611 1637 spes
639 1561 708 1619 milii
729 1559 843 1636 quidem
870 1574 930 1617 non

60 1654 162 1712 magna
178 1679 187 1706 ,
206 1636 293 1696 sedin
315 1636 358 1695 his
373 1636 442 1701 locis
462 1634 565 1704 firma,
584 1637 731 1695 Afranium
753 1637 783 1696 in
805 1636 932 1694 Pirenaeo

60 1729 127 1771 cuni
148 1712 297 1773 Trebonio
318 1708 471 1788 pugnasse,
497 1713 602 1789 pulsum
623 1712 827 1780 Trebonium,
846 1712 930 1771 etiam
983 1745 986 1748 -
1014 1782 1019 1789 ἱ

59 1788 176 1847 Fabium
198 1802 278 1847 tuum
300 1786 439 1849 htransisse
460 1807 525 1849 cuni
547 1790 728 1850 cohortibus:
748 1785 870 1847 isumma
883 1783 958 1845 auh
982 1774 1084 1833 “²¹¹¹st

61 1875 146 1935 tem,
173 1866 320 1925 Afranium
341 1883 406 1924 cum
427 1867 533 1940 magnis
552 1868 639 1940 copiis
660 1867 816 1925 adventare.
853 1862 883 1925 id
909 1849 995 1959 sisssS·

61 1938 117 2009 est,
136 1945 166 2000 iri
179 1940 255 2000 ltalia
269 1939 378 2000 fortasse
392 1942 554 2001 manebitur.
585 1960 640 2017 ego
653 1926 766 2009 intem,
787 1940 851 1999 clim
865 1912 1084 2024 efferffm

60 2017 200 2076 incertum
220 2019 272 2076 iter
285 2016 420 2087 Caesaris,
440 2016 518 2093 qubd
539 2017 584 2076 rel
604 2018 639 2076 ad
662 2018 786 2092 Capuam
802 2058 811 2087 ,
831 2016 876 2075 vel
896 2014 934 2075 ad
1005 2072 1007 2077 .

62 2094 212 2153 Luceriam
227 2096 311 2152 iturus
325 2095 484 2168 putabatur,
503 2092 623 2169 hepta-m
639 2094 671 2152 ad
694 2093 861 2168 Pompejun'i
882 2091 936 2151 mi·

63 2168 103 2238 fi,
124 2171 153 2228 δι’
167 2170 283 2237 litteram
305 2170 379 2244 ipse,
399 2188 436 2231 ne
457 2186 516 2246 quo
536 2171 714 2238 inciderem,
741 2171 841 2229 reverti
865 2171 934 2227 For-

63 2247 142 2304 mias.
181 2247 254 2304 Haec
268 2260 296 2304 re
310 2247 374 2304 scire
389 2248 483 2314 volui,
502 2246 645 2325 scripsique
664 2246 798 2306 sedatiore
819 2249 934 2316 animo,

60 2320 302 2404 quamproxime
329 2323 507 2411 scripseram,
539 2324 646 2383 nullum
673 2322 771 2383 meum
795 2322 935 2400 judiciuin

64 2399 263 2474 interponens,
282 2397 329 2458 sed
341 2417 485 2477 exquirens
498 2411 589 2459 tuum.

851 2556 945 2604 ΕΗ.

56 2768 110 2819 'her
120 2768 238 2832 tanquam
247 2763 348 2834 speeiem
358 2760 456 2819 Senatin
468 2803 476 2827 ,
491 2768 547 2819 eum
558 2756 617 2819 nillil
627 2768 743 2820 decernat.
770 2767 834 2819 rum
845 2754 889 2819 erit
899 2768 943 2818 ιθ·

66 2831 182 2888 rendum,
198 2846 228 2879 ne
239 2828 256 2878 si
269 2831 372 2882 recusem
384 2834 513 2898 periculam
528 2831 640 2891 subeam,
660 2832 724 2897 quali
742 2835 820 2882 malos
836 2832 943 2880 auctores

66 2892 124 2944 illos
135 2893 247 2958 triumphi
263 2895 387 2952 iudicaris:
409 2894 425 2944 fi
443 2898 575 2963 accipiam,
592 2911 623 2945 ne
640 2896 722 2946 odium
736 2899 853 2961 incurram
863 2894 945 2944 bono·

67 2961 191 3083 ¹5¹³}qu
202 2958 245 3007 tali
255 2969 364 3023 tempore
378 2962 434 3024 reip.
451 2962 476 3009 bt
487 2958 572 3008 talibus
588 2959 721 3009 trucioribus
736 2959 941 3023 triumphaverint.

89 3058 96 3071 ι
125 3055 131 3070 ι
161 3037 234 3069 ronov-

105 3101 142 3149 ta·
156 3084 206 3143 eiii
212 3085 313 3155 plaeere]
344 3080 448 3132 insolens
463 3084 560 3135 verbum
576 3098 601 3133 ut
613 3082 642 3133 ad
653 3080 718 3134 cols.
730 3082 861 3148 scriptum',
874 3080 942 3147 quad

69 3154 154 3197 ramera
168 3146 194 3197 lii
203 3143 302 3209 epistola
314 3146 426 3208 Pompeii.
441 3152 476 3203 ιγ’,
493 3150 539 3199 tal.
554 3164 603 3196 nori
614 3150 713 3213 legitur,
730 3162 805 3211 qaum
816 3148 845 3196 de
856 3148 900 3205 liae
912 3162 941 3197 te

69 3200 193 3272 loquitur,
210 3207 407 3271 quamriapostea
418 3207 494 3259 dicar:
508 3215 613 3274 placitum
629 3214 657 3273 est
672 3214 735 3259 mitn'.
768 3216 846 3273 Quare
861 3208 944 3267 diceti-

70 3270 129 3319 dum
143 3271 191 3328 est,
206 3274 350 3327 Ciceronem
360 3272 398 3319 vel
417 3286 446 3319 eir
467 3274 514 3321 alia
533 3272 632 3387 esspiiltda
649 3268 786 3336 sumpfilse,
806 3274 844 3323 vel
865 3273 890 3323 in
912 3272 942 3323 da

68 3333 181 3407 scriptum
193 3336 225 3383 lta
235 3330 359 3389 audivisse,
377 3348 440 3408 certe
450 3334 546 3408 credidi·
557 3352 588 3393 e,
625 3335 733 3407 raserrim
749 3350 822 3401 quum
840 3340 865 3385 dt
881 3327 951 3403 illud'

69 3394 188 3445 diversum
198 3396 240 3453 fir,
256 3396 323 3463 quod
333 3397 371 3445 liic
382 3395 575 3459 duweobone'r,
589 3352 879 3455 illutitt,Brttndtiflutti
884 3400 944 3463 pti«-

25 3464 46 3514 ‘.
70 3452 152 3527 &risu
160 3448 246 3519 scrisit.
279 3462 368 3518 (νηοί,

863 3568 902 3618 ιι.
915 3544 951 3613 lsi
