2294 3914
207 114 287 201 1378
368 114 558 180 Lronn
598 109 919 183 Sutrinos

208 236 304 297 nutem
323 221 399 283 valet
418 223 565 291 exercitur
592 231 672 281 tenet
691 219 796 281 multos
815 219 860 296 spe
882 222 913 281 ὅ(
928 214 1091 299 promiffis}

53 327 82 370 ιιι
95 332 137 367 en·
210 303 308 362 omnia
322 301 454 360 omnium
468 298 667 373 mconcupivit.
685 298 752 356 huic
766 296 865 357 tradita
884 300 948 358 urb's
965 300 1022 371 est,
1041 322 1094 363 nu*
1136 333 1138 361 ι

54 382 145 455 aiunt,
161 390 201 429 m
212 379 247 439 da
260 376 406 456 prasidio,
426 378 524 437 referta
545 376 641 452 copiis.
661 374 729 452 quid
750 374 788 433 est
804 416 814 445 ,
832 374 911 452 quod
931 377 968 435 ab
982 394 1020 436 eo
1034 399 1092 441 non

55 455 153 508 “imm
213 470 337 525 metuas,
357 456 407 531 qui
427 453 472 513 illa
491 454 596 529 templa
616 454 646 513 δι
666 452 767 522 tetta,
804 470 864 511 non
885 454 1031 528 patriam,
1049 458 1093 518 sed

212 534 336 611 praedam
344 529 453 666 ¹putet?
473 530 541 608 quid
555 541 649 588 autem
665 529 697 588 fir
711 527 838 598 arturus,
857 543 904 588 aut
916 538 978 606 quo
993 533 1093 605 modo,

56 508 131 559 MSS»

214 611 324 679 nescio,
354 621 401 667 me
421 606 534 677 senatu,
554 606 611 665 sme
633 604 799 681 magistratu.
838 623 875 665 ne
891 604 1020 667 imulare
1054 612 1093 669 ui-

213 687 280 747 dem
294 685 396 763 poterit
409 686 560 760 quicquam
576 686 731 748 πολιτικῶς.
751 700 803 741 nos
815 695 911 743 autem
932 683 982 743 ubi
1005 628 1092 745 endur-

214 779 280 841 gere
307 759 488 839 poterimus?
515 772 563 821 aut
583 756 725 839 quando?
760 776 883 835 quorum
919 759 978 819 dux
1007 762 1092 841 quim

63 870 82 905 ιι
102 849 207 914 repara·
217 840 453 911 ΰιὶςριιτήγηιις,
473 850 504 896 tu
517 855 634 915 quoque
647 833 842 895 animadvertis
850 858 859 903 ;
880 839 966 895 tacui
979 856 1017 897 ne
1031 842 1094 901 ο11·

63 934 113 979 att·
218 930 289 978 cena
302 914 418 995 quidem
431 926 501 975 nota
513 916 637 975 fuerintt
658 911 782 991 atquim
803 924 900 972 autem
924 912 986 975 fine
1008 916 1094 975 conii·

64 994 83 1029 o
96 983 188 1041 Epyee·
1041 993 1094 1067 lio,

66 1053 113 1094 uta
122 1042 178 1092 ut.
228 1076 231 1082 .
829 1104 832 1109 Ι

249 1194 289 1247 44.
306 1186 345 1233 cui
354 1201 379 1232 ιιι
389 1170 467 1231 Picena
477 1181 584 1248 quidem]
599 1171 682 1235 Nostri
692 1180 763 1244 Qui.
779 1173 845 1247 quod
855 1178 971 1246 equidem
981 1180 1094 1251 neglexit·

217 1244 283 1305 sem,
299 1262 349 1296 nnn
364 1248 478 1310 ignorans
491 1245 623 1307 1ιι111ιιιμιι
640 1240 707 1302 effe,
732 1244 775 1295 nist
787 1246 847 1294 mire
862 1246 888 1295 in
905 1247 952 1295 hac
970 1246 1093 1312 scriptura,

219 1324 269 1359 uno
281 1312 422 1359 Antoniano
433 1323 547 1372 excepto,
564 1304 731 1357 consentirent.
756 1310 852 1372 ‘Neque
862 1308 909 1357 hoc
922 1309 955 1359 eb
965 1307 1038 1369 dieo,
1051 1322 1094 1375 quo

217 1386 367 1438 magnopere
377 1371 407 1420 de
417 1370 528 1430 scriptura
536 1372 579 1421 illa
588 1369 632 1419 fim
642 1369 768 1428 sollicitus,
783 1386 839 1420 cum
849 1371 921 1429 alibi,
939 1378 982 1421 cni
987 1409 995 1432 ,
1007 1374 1093 1439 plenu·

218 1452 267 1501 que
283 1438 435 1492 intematum
455 1435 494 1484 sed
511 1448 537 1483 ut
553 1435 735 1499 intelligamus,
751 1448 868 1499 quantum
884 1436 910 1483 in
926 1450 1015 1487 eorum
1030 1437 1094 1487 libro·

218 1509 291 1557 rum,
308 1501 349 1563 qui
360 1497 391 1547 ad
403 1513 448 1545 nos
458 1511 631 1562 pervenerunt,
653 1497 764 1562 {criptura
784 1496 937 1546 statuendum
947 1497 993 1558 dtr
1010 1502 1036 1549 in
1065 1499 1093 1547 ui·

216 1561 261 1613 bus
272 1574 340 1611 tanta
351 1562 451 1611 varietas
464 1560 512 1617 fit,
527 1576 571 1610 nec
583 1560 672 1613 eodem
683 1560 759 1609 modo
770 1560 857 1624 ubique
877 1561 966 1611 eadem
982 1578 1033 1613 vox
1049 1516 1064 1614 ἕ
1077 1563 1082 1573 “

217 1623 293 1675 batur.
326 1631 381 1690 Ego
392 1622 490 1688 quidem
501 1620 533 1672 fic
545 1622 655 1673 existimo
670 1656 678 1679 ,
694 1624 821 1681 librarios,
835 1639 887 1673 ιιοιι
904 1624 962 1675 sane
978 1624 1093 1677 veturiu-

218 1702 274 1739 moa
287 1704 293 1735 r
310 1686 350 1739 sed
359 1700 441 1737 tamen
453 1701 504 1736 nou
514 1686 583 1736 valde
594 1685 623 1737 ab
638 1686 700 1743 illa,
717 1686 796 1735 minus
804 1684 911 1737 barbarie
921 1692 1093 1746 contaminata,

218 1762 301 1801 atate:
318 1752 345 1800 iu
356 1751 420 1798 varia
430 1749 604 1815 multiplicique
619 1746 733 1798 scribendi
750 1748 830 1799 forma
854 1753 880 1799 &
891 1752 988 1803 ratione
1010 1750 1093 1819 (crebro
1136 1766 1138 1771 ·

219 1815 285 1863 enim
299 1824 429 1863 eamutata
439 1811 483 1876 eii)
500 1826 551 1860 non
561 1810 694 1861 admodum
711 1808 817 1871 mnatre,
834 1812 901 1877 quod
917 1828 1005 1867 tamen
1020 1828 1094 1865 ouan-
1136 1807 1138 1827 '

219 1876 279 1928 dum
290 1874 349 1933 fuit,
365 1888 391 1925 ut
401 1874 442 1924 sua
453 1876 538 1939 cuique
547 1872 657 1940 scriptura
668 1873 811 1925 servaretur:
827 1890 907 1927 utrum
917 1881 985 1943 Qvi
995 1912 1004 1937 ,
1020 1894 1050 1928 an
1062 1878 1095 1926 cri

219 1940 345 2001 facerent:
363 1939 430 1999 causta
441 1952 472 1987 an
490 1938 583 1999 Cauffit:
601 1953 656 1989 cum
671 1948 754 1989 tamen
771 1939 916 1990 Ciceronem
931 1940 1011 2007 ipsum
1032 1948 1096 2006 arque

220 2004 296 2052 etiam
312 2002 457 2067 Virgilium,
479 2002 552 2065 Cauffii
567 1996 677 2066 scripfiffe
710 2003 816 2052 eminatr
831 2002 999 2061 consonante,
1020 2016 1095 2055 mauu
1135 2026 1138 2040 ·

222 2078 328 2121 uorum,
343 2082 369 2116 ut
379 2065 463 2114 Fabius
477 2066 524 2122 ait,
540 2063 666 2115 docerent:
693 2064 721 2115 ed
732 2080 814 2115 tamen
830 2068 930 2129 cuffiam
947 2068 1023 2117 hodie
1044 2080 1096 2131 qno·

223 2141 263 2179 tus
274 2126 374 2205 quisque
383 2127 554 2193 manuscriptus
569 2129 672 2179 retinet?
694 2128 833 2179 Posteriores
847 2130 978 2189 librarios,
994 2146 1045 2194 quo
1056 2132 1096 2179 im·
1136 2154 1138 2160 ·

256 2192 347 2241 ritrores
358 2190 452 2241 fuerunt
464 2205 538 2255 quam
551 2205 653 2246 vererer,
670 2206 701 2241 eo
710 2192 788 2257 magis
803 2190 926 2258 religiosos
942 2195 969 2243 in
985 2190 1097 2245 scribendo

223 2206 294 2304 {tue
304 2268 380 2319 puro:
395 2254 498 2319 hincque
507 2252 598 2304 fastum
611 2251 670 2311 effe,
686 2263 712 2306 ut
723 2258 748 2304 in
761 2255 809 2305 hoe
819 2256 876 2315 loco
886 2258 963 2319 Quoi,
979 2270 1019 2307 tot
1033 2256 1098 2307 adhue

225 2317 281 2367 libri
297 2320 422 2367 retineant.
455 2322 545 2365 Verum
559 2316 590 2366 do
604 2317 649 2367 hac
664 2333 742 2377 voce,
766 2317 824 2383 quid
838 2319 923 2369 Fabius
944 2320 995 2385 ipsc
1011 2320 1099 2375 sentiit·

227 2394 281 2430 non
291 2378 367 2430 oberit
378 2378 517 2445 adpinxiss'e.
532 2376 565 2430 fic
576 2383 642 2431 enim
654 2381 695 2433 lib.
707 2384 799 2445 ptimo:
816 2384 878 2431 Illud
887 2400 942 2431 nunc
952 2382 1100 2449 meliorqard

229 2444 285 2499 cai,
300 2445 369 2492 tribus
379 2459 432 2507 quar
443 2444 506 2509 posui
515 2445 610 2501 litteris,
626 2458 734 2493 moramur
746 2464 754 2493 .·
771 2450 796 2493 in
813 2462 874 2511 quo,
906 2448 965 2494 ueris
985 2448 1061 2505 nobis,
1075 2444 1100 2493 ad

228 2508 329 2571 pinguem
337 2508 389 2569 fitne
399 2508 489 2569 sonum,
505 2508 568 2573 Qvi
580 2510 707 2557 utebantur:
721 2522 821 2564 tantum,
835 2522 859 2556 ur
913 2510 954 2558 iu·
966 2511 1019 2573 Q}
1032 2509 1103 2571 distin·

246 2583 338 2620 ιιιιιιιιι.
368 2570 442 2633 Quod
454 2584 534 2621 aurem
544 2572 591 2628 ait,
604 2578 638 2619 vt
648 2574 674 2619 ai
683 2575 722 2620 illo
734 2574 784 2639 Qu·
793 2572 973 2634 distingueretur,
990 2576 1024 2623 ita
1038 2573 1102 2622 intel·

228 2586 294 2699 drgo.
328 2639 438 2683 Donatus
453 2636 479 2684 in
501 2633 592 2684 Andria
610 2636 661 2691 air,
678 2640 773 2685 Veteres
789 2638 847 2691 cui,
869 2651 911 2700 per
929 2634 1023 2699 Qscri
1040 2632 1102 2709 fisse:

233 2694 389 2761 posteriores,
405 2711 430 2747 ur
442 2700 517 2765 aQi
527 2698 592 2747 resto
602 2696 796 2764 distingueretur,
816 2701 880 2763 Qvi
890 2700 1017 2748 voluerunt
1025 2652 1104 2749 deuii:

234 2759 578 2888 iidiffiaiirzffd‘diidid‘
582 2760 741 2889 ξῖἲῖἓιὲιῗιῖ
748 2777 855 2875 aurit
867 2759 1013 2891 1111ιί1
1013 2762 1053 2877 bii
1066 2766 1106 2875 {t

233 2884 380 2937 cludendum
392 2884 508 2938 cesarem
519 2886 549 2936 ab
558 2887 614 2936 urbe
627 2904 633 2935 ι
651 2903 703 2952 qua
713 2889 754 2938 ille
765 2899 825 2939 mox
837 2888 977 2955 occupavira
993 2891 1019 2940 δι
1035 2900 1107 2957 perer

131 2970 136 2979 ·
236 2949 330 3000 aditum
340 2949 420 2998 habuit
430 2948 542 3001 libans.
559 2966 625 3014 ep.3.
659 2956 745 3013 Popma.

266 3029 306 3073 45.
348 3029 399 3061 uam
410 3027 481 3061 aurem
492 3013 538 3072 finr
553 3014 636 3073 consslt'o
652 3032 684 3061 rer
694 3015 756 3074 stem]
787 3018 880 3065 Omnes
899 3018 925 3067 &
942 3014 1108 3081 manustripfi.

235 3078 264 3127 dr
274 3077 350 3139 impie
368 3094 377 3126 ι
388 3075 481 3126 codices
491 3074 641 3126 consentiunt
653 3093 660 3123 ι
678 3092 752 3144 qnare
762 3079 822 3129 nihil
832 3081 994 3129 mutavimus:
1011 3078 1111 3129 nostram

236 3149 320 3190 tamen
331 3139 486 3205 suspicionem
498 3137 604 3204 proferre
618 3139 676 3204 quid
691 3140 786 3191 nocebit
798 3146 806 3191 1
828 3158 880 3191 nou
894 3157 979 3207 parum
996 3145 1074 3193 timeo
1087 3153 1112 3191 nr

238 3203 267 3251 in
286 3205 398 3269 extremit
418 3203 561 3253 diffionibus
576 3204 691 3253 mendum
706 3202 768 3254 infir.
801 3220 857 3255 cum
871 3208 938 3255 enim
953 3200 987 3255 de
1005 3210 1064 3255 Pom
1092 3206 1097 3217 “

243 3262 352 3322 differat,
368 3264 482 3332 supraque
492 3266 576 3316 dixerit
587 3268 661 3331 quim
673 3268 714 3318 ille
724 3270 804 3318 omnis
818 3269 977 3329 imperatorie
992 3266 1067 3335 diieip
1076 3270 1113 3317 int

243 3329 1114 3513 :iridiair‘t‘iriti‘ztffptffl”tritti't‘itta‘t'tirri

76 3501 150 3684 Ἰ
243 3457 607 3525 uerompqouemroquans·
637 3470 686 3513 rrtr
701 3458 1018 3525 Qimmmfinecmfilio.
1034 3451 1117 3575 mm
