2294 3914
242 101 328 196 '¹376'
436 108 629 175 Lrnun
675 60 993 174 statinus

240 223 347 281 'tiuntur
363 218 376 280 ?
395 219 519 293 αἰδέομαι
541 226 643 292 Τρῶας·
674 220 728 282 ¹nec
749 220 833 281 sorum
849 221 945 290 civis,
970 218 1019 278 sed
1032 221 1095 283 etun

242 300 328 357 amici
347 298 442 357 officio
463 300 601 360 revocor(
629 300 676 358 etsi
699 302 809 374 frangor
836 297 909 373 saepe
932 297 1097 357 misericordi!

242 392 402 452 puerorum.
441 392 471 435 ut
485 379 566 453 igitur
579 380 617 436 ita
630 377 805 453 perturbato,
824 374 872 432 etsi
885 388 915 431 te
930 372 1034 431 eadem
1046 374 1096 433 soii·

241 453 351 520 citant,
370 452 454 510 scribe
468 454 570 530 aliquid
586 496 595 524 ,
615 455 645 512 δε
659 451 782 512 maxime
798 488 807 522 ,
836 450 857 509 sr
870 451 1027 524 Pompeius
1042 450 1097 509 India

242 527 333 595 cedit,
352 528 420 603 quid
434 532 513 587 nobis
526 532 665 605 agendum
679 543 765 604 putes.
793 529 843 586 Μ’.
859 526 978 603 quidem
997 527 1097 601 Lepidus

242 606 321 677 (narn
342 605 444 662 suimus
465 606 540 680 una)
561 626 626 664 eum
648 606 733 664 finem
755 605 868 669 statuit,
904 603 941 659 L.
955 604 1099 679 Torquatus

241 681 372 738 eundem.
411 699 458 739 me
479 682 544 741 ciam
566 684 675 751 multa,
701 694 762 740 tum
783 683 869 739 etiam
896 679 1012 738 lidiores
1031 683 1099 754 impe

241 756 343 844 diunt;
365 757 432 816 nihil
446 759 504 818 vidi
518 778 652 838 umquam
669 802 677 828 ,
696 757 774 845 quod
795 758 888 844 minus
912 756 1044 843 explicari
1056 754 1100 831 pos·

87 824 1100 988 atta·tanra,trutinisassisinatensis

240 986 398 1044 Labienum
412 988 446 1045 ab
460 989 508 1047 iilo
530 987 686 1058 discessisse,
706 986 917 1063 propemodum
941 984 1055 1044 constat.
1085 983 1100 1043 r

238 1063 277 1121 ira
298 1062 401 1122 fastum
424 1061 512 1132 eflet,
532 1077 563 1123 ut
582 1066 627 1125 ille
649 1067 773 1124 Romam
788 1064 912 1135 sepiens
928 1062 1099 1139 magistratum

240 1138 271 1197 bc
284 1138 407 1197 senatum
424 1142 561 1199 s9Romae
575 1141 748 1210 offenderet,
769 1158 872 1216 magno
886 1138 949 1197 usui
965 1139 1052 1197 causae
1062 1156 1101 1197 no

240 1215 301 1275 strae
316 1213 412 1275 suisset.
441 1215 579 1276 damnasse
595 1218 672 1276 enim
686 1217 790 1276 sceleris
804 1216 958 1275 hominem
977 1216 1098 1285 amicum,

238 1293 396 1367 reipublicae
410 1293 511 1363 causa,
530 1294 691 1353 videretur:
711 1292 790 1369 quod
811 1310 888 1351 nunc
909 1310 1031 1368 quoque
1042 1291 1101 1350 vide

240 1380 309 1435 tur;
330 1369 375 1427 se'd
397 1371 487 1429 minus
511 1370 627 1445 prodest.
666 1387 725 1429 non
740 1371 815 1427 enim
830 1369 933 1438 habet,
956 1371 1004 1428 cui
1019 1368 1099 1445 profit:

120 1452 146 1506 s.
154 1456 207 1507 cx.
242 1450 364 1522 eumque
378 1448 492 1505 arbitror
517 1448 663 1506 ''uenitere2
684 1445 733 1506 nisi
748 1447 821 1504 forte
842 1444 871 1503 id
894 1444 990 1521 ipsum
1012 1446 1047 1504 est
1065 1442 1102 1503 sri-

240 1520 319 1591 sum,
339 1521 476 1581 dir'ceffiffe
496 1465 582 1582 iiiam.
620 1526 673 1583 nos
693 1522 807 1600 quidem
828 1539 880 1597 pro
903 1534 988 1580 certo
1002 1520 1101 1581 habeba·

240 1616 310 1657 mus
349 1600 379 1659 &
394 1600 495 1668 velim,
516 1599 716 1676 (quamquam,
735 1611 766 1657 ut
779 1599 887 1666 scribis,
908 1597 1100 1657 domesticiste

239 1674 338 1733 finibus
359 1676 596 1750 tenes),iormam
619 1677 688 1734 mihi
710 1677 780 1733 urbis
805 1692 948 1749 exponas,
970 1672 1101 1752 aoecqaod

90 1763 206 1821 oraturia
240 1752 370 1827 Pompeji
400 1750 587 1821 desiderium,
621 1768 708 1828 ecqua
737 1751 847 1808 Caesaris
874 1750 1008 1811 hinuidia
1035 1768 1102 1827 appr·

90 1830 164 1877 MSS·
240 1839 320 1895 reat3
341 1829 425 1886 etiarn
447 1828 514 1904 quid
535 1828 642 1887 censeas
663 1828 698 1887 de
721 1828 854 1885 Terentia
875 1828 906 1885 ὃ(
920 1827 1038 1897 Tullia,
1056 1828 1102 1887 Ro·

88 1910 297 1964 inomnmae
317 1921 361 1963 eas
381 1902 458 1976 effe,
484 1923 521 1965 an
540 1922 679 1976 mecum,
699 1922 735 1963 an
754 1904 847 1981 aliquo
869 1903 949 1963 ituto
970 1904 1053 2039 loco1¹¹
1078 1902 1101 1963 dt

1053 1998 1099 2049 at,-

241 2201 272 2235 rm
281 2189 400 2253 Pompeii:
416 2186 460 2237 Sed
471 2197 567 2245 orrum,
584 2198 637 2237 turn
650 2189 763 2251 Pompeio
776 2189 845 2254 Re'ip'.
863 2188 971 2240 caussam
987 2191 1057 2240 armis
1067 2186 1097 2237 de

239 2250 341 2307 sendat,
363 2253 533 2314 adquiescat:
558 2252 595 2300 sed
612 2266 693 2299 rumen
713 2252 816 2315 palestra
838 2265 916 2302 utatur
938 2257 1040 2317 aliqua,
1063 2262 1096 2315 qt!

238 2312 365 2362 hominum
383 2311 500 2363 sermones
517 2328 587 2376 atque
601 2316 727 2363 insamiam
747 2314 841 2378 fugiat:
870 2319 895 2364 δι
918 2316 952 2365 fic
970 2328 1046 2367 rerum
1061 2316 1096 2363 eri·

236 2388 289 2486 Ἤ
304 2378 440 2442 exspectet,
457 2392 481 2425 ut
498 2377 583 2425 deiude
599 2377 621 2426 se
631 2377 671 2426 det
688 2379 730 2434 iis,
746 2381 787 2443 qui
805 2392 912 2428 tenerent
928 2395 958 2429 ac
974 2381 1094 2445 potireurm

265 2456 301 2485 Η
326 2477 331 2489 .

270 2441 394 2575 effidima
411 2503 540 2567 offlnderatd
570 2501 642 2565 Quod
656 2518 705 2551 non
721 2505 818 2552 evenit:
833 2504 890 2566 quia
904 2519 953 2552 nos
965 2502 1094 2555 urbemrei'r

236 2566 332 2628 quimus
344 2584 351 2613 ι
368 2568 447 2632 itaque
462 2565 609 2623 nonhabet,
625 2569 661 2613 cui
673 2566 757 2629 profit,
774 2583 828 2615 cum
840 2566 882 2630 ipsi
893 2568 1003 2616 nostram
1013 2562 1094 2617 caussari

239 2629 406 2693 perdiderimus
444 2634 469 2680 δι
487 2628 583 2680 sortasse
606 2629 726 2687 abundat,
747 2637 817 2696 Roma
836 2647 844 2675 .·
860 2643 917 2678 cum
942 2632 1031 2681 dixerit
1049 2632 1092 2691 iatri

239 2696 437 2759 Qmamvmims.
471 2699 494 2743 P.
509 2700 601 2744 Manat.

269 2773 307 2815 40.
324 2759 410 2819 Ecquod
427 2761 521 2818 Pompeii
542 2758 691 2813 defidert'um,
716 2773 781 2820 ecqua
796 2757 882 2816 Caefhris
902 2758 992 2816 iniuria
1011 2758 1095 2819 cappam}

237 2819 405 2867 Emendavi&
418 2818 457 2866 hic
467 2821 557 2868 auxilio
568 2822 615 2868 mei
631 2818 770 2883 probatioris
788 2821 965 2881 codicis‚eequ
978 2822 1060 2880 (ψη)
1071 2822 1094 2864 ia·
1111 2868 1115 2879 ¹

238 2884 313 2931 vidia.
345 2884 432 2944 Quaerit
443 2883 507 2930 enim
523 2897 552 2929 an
564 2884 612 2942 jam
625 2896 675 2944 qun
686 2882 767 2945 gessit,
783 2884 869 2931 Caesari
880 2882 999 2931 invidiam
1010 2883 1093 2931 saciant:

241 2947 267 2992 δι
279 2946 332 3006 quis
345 2944 401 2993 ess'et
413 2945 443 2993 de
453 2945 563 2993 omnibus
575 2945 641 2994 rebus
653 2943 727 2993 sensus
740 2948 828 3008 populi.
863 2958 913 2992 non
925 2948 994 2994 enim
1010 2958 1096 3009 quareo·
1120 2966 1125 3001 t

242 3006 301 3055 dum
311 3021 360 3056 erar
371 3018 401 3056 an
412 3010 490 3070 aliqua
503 3007 600 3057 Cesaris
612 3009 696 3068 injuria
706 3022 844 3071 appareret.:
861 3008 970 3072 plurima
981 3011 1046 3057 enim
1058 3020 1095 3070 git·
1122 3010 1127 3061 i

243 3086 285 3120 ves
303 3074 329 3120 ἃ
348 3070 530 3119 nefariaeeraut:
548 3071 577 3119 ab
593 3070 749 3134 omnibusque
765 3071 892 3120 manifesto
908 3072 1096 3181 perspiciebamus
1124 3090 1127 3097 ¹

244 3139 276 3184 D.
294 3147 372 3183 autern
383 3139 464 3182 Bxutus
474 3137 499 3182 in
510 3133 548 3182 sua
564 3132 594 3182 ad
608 3141 703 3182 Brutum
721 3136 746 3181 ἃ
763 3135 868 3183 Cassium
882 3134 960 3198 episto
970 3150 1003 3191 a,
1019 3130 1096 3183 didrsr

243 3194 368 3261 postulasse
378 3195 569 3246 {contrariarum
586 3201 687 3260 partium
698 3195 793 3243 ducibus
805 3232 812 3254 ‚
826 3211 851 3246 ot
867 3198 949 3245 liceret
964 3200 1060 3247 Caesaris
1071 3197 1096 3244 in·
1124 3148 1131 3263 ι

244 3259 408 3308 ῑοῐίεᾶοῐίὺυε
419 3265 502 3308 Roma
513 3257 561 3308 esse
572 3260 665 3323 publico
680 3259 803 3322 prasidio,
820 3275 844 3308 ur
857 3260 974 3308 invidiam
991 3262 1040 3310 iltis
1049 3258 1097 3309 frot-
1127 3278 1130 3289 ·

243 3334 294 3368 ret:
310 3321 415 3385 sperabat
432 3324 518 3371 Cicero
532 3338 647 3384 magnum
663 3327 747 3371 Roma
764 3320 811 3372 esse
828 3322 971 3372 desiderium
989 3322 1097 3386 Pompeii.
1129 3368 1133 3375 .

245 3398 407 3452 magnamque
419 3384 503 3434 casati
512 3386 626 3434 invidiam
641 3385 719 3437 facere
736 3386 798 3435 illius
809 3384 968 3438 miserabilem
982 3387 1065 3452 sugam
1079 3386 1098 3433 tt
1129 3380 1135 3427 Ι

247 3446 429 3499 infestationem
440 3449 542 3500 casaria.
577 3453 654 3504 Vitiare
1067 3512 1102 3559 ff
1129 3433 1137 3549 1
