2294 3914
142 100 339 178 Entsr.
382 100 923 198 nn'Arrrcun.139r'

43 227 71 282 nt
86 212 141 299 ipsc
156 238 223 281 cum
238 220 325 279 Sexto
340 222 426 281 etiam
440 238 516 281 nunc
530 220 602 279 mihi
614 219 714 281 videris
727 223 832 281 Romae
847 220 923 284 rebe

43 294 96 357 esse
109 295 194 375 posse.
216 306 244 351 75
253 299 359 357 etenim
374 295 492 358 minime
507 297 592 357 amici
605 298 745 375 Pompejo
758 298 853 358 nostro
867 294 923 357 esse

43 373 153 435 tenetis.
172 391 260 433 nemo
275 376 352 435 enim
366 392 503 452 umquam
519 385 630 434 tantum
650 375 686 433 de
708 376 816 435 urbanis
829 371 925 449 praesr-

43 450 91 510 riis
113 451 238 511 detraxit.
271 451 383 512 videsne
403 471 450 522 roe
473 452 558 511 etiam
580 450 699 529 jocari?
720 451 794 511 Scire
811 452 873 527 jam
894 460 925 508 te

43 540 179 603 oportet,
199 527 236 586 [ι.
251 527 343 588 Caesar
365 546 430 605 quae
450 527 576 603 responsa
598 527 698 587 reserat
724 526 741 586 a
766 526 926 603 Pompejo,

64 620 111 662 uas
125 606 158 663 ab
172 604 275 663 eodem
290 605 324 664 ad
338 604 476 665 Caesarem
493 605 563 663 ferat
581 604 693 664 litteras.
719 604 826 681 scriptae
847 604 926 662 enim

89 681 162 741 datae
177 684 215 740 ita
228 680 306 750 sunt,
326 694 357 740 ut
371 692 595 759 proponerentur
615 682 645 739 in
666 680 778 756 publico
795 702 802 739 ι
822 682 927 757 inquo

43 756 170 815 accusavi
193 775 309 815 mecum
328 757 384 833 ipse
404 760 599 835 Pompeium,
626 758 700 833 qui,
727 756 792 815 cuna
813 757 929 832 scriptor

46 830 204 893 luculentus
218 830 301 904 esset,
311 846 400 895 tantas
415 855 473 905 res,
493 850 576 911 atque
591 852 652 904 eas,
672 851 738 909 quae
752 834 781 893 in
796 836 929 893 omnium

51 924 151 969 manus
166 922 292 971 venturae
307 908 411 981 essent,
430 913 460 966 7⁶
469 912 554 971 Sestio
569 910 663 969 nostro
679 910 830 970 scribendas
844 910 932 969 dede-

50 985 92 1044 rit.
132 988 226 1064 itaque
248 988 315 1045 nihil
343 1006 479 1064 umquam
500 989 556 1064 legi
582 988 713 1063 scriptum
737 987 933 1054 σηςιωδέςερον.

48 1061 165 1138 perspici
177 1078 273 1123 tamen
289 1079 324 1122 ex
336 1066 432 1125 litteris
452 1065 581 1142 Pompeji
603 1064 693 1139 potest
709 1064 806 1133 ,nihil
827 1063 930 1123 Caesari

50 1142 147 1214 negari
165 1182 174 1210 ,
194 1140 346 1217 omniaque
368 1143 398 1201 δι
420 1140 559 1201 cumulate
577 1184 585 1210 ‚
605 1158 669 1217 quae
693 1140 835 1216 postulet,
855 1141 932 1209 dari,

49 1231 118 1291 quae
132 1216 194 1285 ille,
214 1218 412 1277 amentissimus
425 1218 524 1288 fuerit,
543 1217 594 1276 nisi
606 1219 759 1293 acceperit,
780 1216 932 1292 praesertim

51 1291 120 1350 cum
134 1293 367 1369 impudentissime
381 1295 564 1370 postulaverit.
603 1295 663 1371 quis
678 1295 754 1353 enirn
770 1306 861 1364 tues,
880 1294 931 1369 qui

51 1365 143 1440 dicas,
162 1368 222 1428 77ss
235 1371 263 1428 in
278 1371 439 1449 Hispaniam
455 1371 596 1449 protectus
611 1372 686 1442 erit,
705 1370 726 1429 fi
741 1369 866 1447 praesidia
887 1369 931 1455 di-

876 1462 932 1505 mr-

64 1662 67 1667 ,
87 1626 125 1669 75.
142 1616 231 1664 Etenim
241 1618 351 1673 minim]
382 1612 459 1663 verba
482 1612 593 1678 ambigue
612 1608 689 1676 posita
707 1611 786 1677 primo
806 1610 934 1679 conspettu

52 1666 207 1739 fignificttnt:
224 1693 267 1727 vos
284 1693 335 1725 non
353 1676 386 1725 est
403 1674 493 1726 necesse
508 1676 648 1741 Pompeium
664 1674 728 1739 sequi
744 1708 752 1733 ,
769 1689 794 1723 ut
811 1692 872 1731 me,
891 1677 934 1741 qui

52 1732 198 1789 beneficium
213 1743 262 1800 ejus
278 1740 363 1789 habeo.
396 1739 440 1788 Sed
455 1742 518 1790 ratio
532 1739 652 1800 subjuncta
668 1741 729 1801 παρά
743 1740 935 1797 perfectumve!

52 1813 140 1865 prater
152 1805 353 1868 exspestationem
368 1804 442 1851 alium
459 1806 487 1852 iis
503 1802 594 1853 sensum
613 1801 697 1857 addit,
712 1816 818 1865 nempe:
836 1818 880 1852 vos
909 1802 935 1852 ui

50 1862 111 1936 ostia
122 1880 198 1928 patres
208 1867 313 1928 familias
325 1869 379 1915 locu
395 1868 524 1924 letes,non
534 1866 625 1916 habetis
635 1863 741 1921 causam,
752 1880 791 1913 cur
802 1818 936 1933 magassa-

52 1926 126 1975 ciatts
144 1932 301 1993 Pompeium,
318 1930 360 1993 qui
374 1882 533 1979 ipoeneratores
544 1931 569 1978 in
579 1926 704 1978 obsidione
717 1929 812 1991 reliquit
824 1946 847 1981 v.
865 1934 933 1981 Fam.

51 1996 126 2052 ep.⁶.
144 1992 256 2041 Solebam
268 1992 375 2056 alioquin
381 1997 417 2040 lm
449 1993 651 2054 ratores,quoties
662 1989 692 2038 ad
701 1991 792 2039 bellum
803 1990 937 2053 proficisce-

52 2050 160 2163 zantur,
176 2067 269 2118 panem
281 2057 402 2120 copiarum
429 2056 481 2103 omi
490 2055 624 2117 relinquere
633 2052 663 2102 ad
673 2053 775 2101 tutelam
784 2054 853 2105 urbis.
872 2056 936 2116 >EF-

82 2132 159 2165 romv-

92 2186 132 2233 76.
149 2180 215 2241 Sestio
227 2180 314 2240 nostra]
327 2184 416 2244 Ep.17.
433 2178 507 2231 libr.
523 2180 611 2229 samad.
643 2181 717 2228 Sextio
735 2178 803 2239 nostro
813 2181 937 2241 scribendae

57 2240 165 2302 dederit]
179 2245 206 2292 Ei
217 2242 327 2301 fortasse,
345 2242 409 2307 cuiue
420 2242 532 2301 dietant
544 2243 702 2295 Volumnium
711 2240 824 2301 scribens,
849 2248 936 2297 ueritut

58 2300 106 2353 sibi
117 2304 222 2356 adscribi.
255 2310 357 2371 queritur
368 2320 448 2357 autem
460 2307 525 2371 quod
541 2309 623 2372 inepta
637 2302 712 2357 esseut
730 2307 756 2356 bt
773 2259 865 2358 insuffla.
898 2315 937 2359 lta

60 2368 130 2417 enim
141 2370 192 2419 ibi:
214 2375 264 2418 „Ais
273 2378 330 2419 enim
341 2385 366 2419 ut
375 2388 409 2435 ego
420 2372 563 2432 discefferim‚
578 2374 650 2417 omnia
660 2373 770 2426 omnium,
787 2374 811 2416 in
820 2375 853 2420 bis
868 2376 937 2421 eriam

59 2430 164 2491 Sestiana
174 2438 197 2480 in
208 2452 241 2480 me
252 2434 351 2494 conferri.
410 2436 467 2481 uid?
483 2450 507 2481 ru
520 2437 618 2497 pateris?
635 2451 700 2481 nonne
715 2433 832 2543 de‘smdis?
848 2454 889 2483 non
903 2454 940 2485 re·

56 2493 141 2554 fissis?
165 2495 219 2549 ’(π.
252 2502 283 2545 tn
303 2512 358 2546 cum
379 2497 418 2547 ubi
437 2511 466 2544 ue
486 2496 586 2561 frigidus
611 2499 637 2544 δι
669 2495 728 2544 insul
738 2511 764 2543 us
786 2494 869 2556 esset,
901 2512 940 2549 ta-

62 2569 122 2610 men
138 2559 186 2610 boc
200 2562 226 2609 io
242 2559 298 2609 loco
308 2562 394 2610 Cicero
408 2575 422 2609 a
450 2573 529 2616 emat,
546 2560 605 2608 nihil
618 2556 640 2607 se
649 2571 701 2608 tam
710 2558 812 2609 Sestiana
827 2562 939 2625 scnptom

64 2617 149 2671 vidisse
159 2638 273 2688 unquam.
306 2631 394 2675 Verum
405 2625 467 2674 bunc
480 2625 563 2672 locum
577 2620 694 2671 Victorius
708 2655 716 2677 ,
733 2623 758 2668 in
773 2621 940 2686 posterioribus

65 2682 942 2801 wibbimbfibnssssib‘bvisssb'aiiiiffi‘ssibi‘iisissiib

66 2809 114 2859 rint
121 2764 186 2870 ,qilla
195 2768 292 2877 quidenli
303 2785 402 2877 plebeia,
413 2814 463 2863 hec
473 2815 584 2889 petricia,
598 2825 652 2861 utro
661 2809 738 2860 modo
749 2811 894 2863 scribendum
909 2814 939 2865 sit

68 2872 117 2925 boe
129 2877 195 2926 loco.
228 2881 259 2924 Et
275 2876 424 2942 manuscripti
439 2877 537 2942 quidem
557 2876 624 2937 Sestio
638 2876 744 2925 babent:
764 2876 830 2939 quod
848 2878 940 2927 testum

66 2934 129 2995 esse,
145 2954 237 3003 magno
247 2938 280 2987 est
291 2954 450 3006 argumento,
465 2938 532 3005 quod
547 2940 702 2996 σκςιωδέςιρον
723 2940 822 2988 intulit:
837 2954 892 2989 cum
903 2942 941 2990 ni-

68 2998 103 3050 bit
120 3001 201 3052 cauffae
219 3003 308 3059 fuerit,
334 3004 351 3053 fi
369 3008 473 3055 sextium
492 3002 624 3068 significare
645 3000 772 3060 voluisset,
789 3018 839 3067 quo
862 3005 943 3053 minus

71 3068 238 3131 σεξιηωὸίςερον
247 3063 322 3132 posset
333 3067 427 3119 inferre.
459 3073 565 3131 Utraque
574 3066 640 3115 enim
652 3065 745 3116 familia
755 3066 794 3115 mi
806 3068 890 3117 Enrimv
903 3072 943 3118 ut

68 3132 182 3196 Σιξτίων,
197 3131 260 3194 apud
272 3134 409 3181 Graecorum
422 3130 543 3196 scriptores
554 3142 762 3179 commemoratur.
796 3128 860 3177 unde
869 3130 943 3180 etiam

68 3191 148 3242 irata
160 3196 252 3251 atem.
279 3200 335 3243 Haec
343 3194 434 3243 faciunt
446 3207 471 3243 ut
481 3195 548 3253 Sestio
559 3195 635 3256 magis
645 3192 745 3258 probem
757 3226 764 3250 ‚
779 3191 852 3242 nisisi
868 3192 944 3243 hitto·

67 3257 103 3305 tsa
114 3271 241 3321 repugnet,
276 3256 324 3306 uod
335 3273 425 3307 certum
435 3256 544 3306 nondum
555 3255 638 3305 babeo.
654 3256 749 3319 Maiasp.

101 3336 140 3391 773
159 3326 186 3368 Si
196 3326 219 3368 in
230 3270 357 3387 Hispaniam
366 3324 424 3381 cra]
442 3327 486 3371 Eat
493 3320 617 3385 Pompeius
627 3322 653 3368 in
662 3320 814 3384 Hispaniam:
825 3318 939 3381 delectur.

63 3387 110 3449 qui
119 3384 173 3433 sunt
182 3382 273 3442 babiti,
291 3388 317 3435 δι
326 3384 431 3450 praefidia
446 3385 613 3434 dimittantur:
634 3395 687 3433 tum
702 3399 767 3447 eg03
783 3383 870 3433 traditi
882 3399 939 3448 pro·

63 3446 165 3506 tineis,
180 3446 211 3499 ad
225 3446 358 3503 eonstlatua
370 3450 512 3517 petitionem
524 3445 573 3515 ipse
587 3450 691 3505 veniam.
725 3447 761 3505 bat
775 3445 869 3563 merope
877 3462 940 3520 'con-

856 3523 943 3564 limfis
