2294 3914
157 121 356 191 Error.
395 139 470 188 an
511 121 811 192 Arrrcuu.
853 137 934 207 ¹053

315 326 683 382 arrsrotaxxc

192 468 438 533 CICERO
476 464 800 532 ATTICO&

62 625 147 738 DE
166 627 305 703 republica
332 625 400 706 quid
420 645 474 704 ego
494 627 544 686 tibi
565 621 743 684 hsubtiliter?
761 633 822 684 tota
842 616 967 701 periit:1¹
982 608 1042 668 febr.

133 715 217 781 atque
231 704 288 764 hoc
300 702 338 763 est
353 702 493 774 miserior,
513 701 600 782 quim
615 699 760 777 reliquisti,
800 700 860 761 uod
879 715 941 762 tum
951 681 1051 795 {⁶3³le

61 780 208 841 uidebatur
215 774 350 840 e'usmodi
364 781 521 841 dominatio
535 779 677 838 civitatem
684 719 855 863 appr-efflue,
876 790 943 856 quae
976 764 1005 799 ”⁴

57 857 186 935 jucunda
201 798 267 917 eslet
281 857 451 918 multitudini
466 899 475 925 ,
494 856 575 915 bonis
588 867 683 913 autem
698 864 736 912 rta
759 855 891 926 molesta,
912 867 945 919 ut

61 945 161 994 tamen
176 933 234 994 fine
248 935 395 1009 pemicic;
426 950 502 993 nunc
530 930 644 1009 repente
665 940 744 988 tanto
765 931 794 990 in
816 933 884 993 odio
906 932 945 994 est

63 1010 216 1080 omnibus,
235 1022 267 1069 ut
288 1009 419 1087 quorsum
442 1007 645 1085 erupturam,
669 1007 839 1067 horreamus.
877 1028 945 1072 nam

64 1087 240 1147 iracundiam
267 1097 351 1163 atque
379 1085 619 1162 intemperantiam
648 1083 760 1143 illorum
784 1083 877 1145 sumus
896 1104 947 1147 ex-

87 1165 164 1232 erti,
184 1164 234 1239 qui
255 1161 357 1221 Catoni
376 1161 462 1233 irati,
488 1163 584 1222 omnia
611 1160 797 1237 perdiderunt.
835 1161 881 1223 sed
906 1163 946 1223 ita

64 1181 176 1298 lenibus
190 1239 231 1297 uti
252 1236 413 1298 videbantur
428 1239 557 1309 venenis,
578 1251 609 1298 ut
642 1236 698 1298 osse
713 1237 873 1297 videremur
886 1236 945 1298 fine

68 1315 172 1374 dolore
185 1315 303 1375 interire.
321 1332 397 1375 nunc
410 1314 480 1375 verb
495 1314 574 1375 sibilis
589 1258 681 1393 vulgi,
700 1313 872 1375 sermonibus
891 1314 948 1374 ho·

69 1390 232 1462 nesiorum,
251 1392 363 1451 fremitu
377 1391 482 1463 ltaliae,
501 1409 602 1452 vereor
616 1411 652 1450 ne
667 1392 821 1452 exarserint.
866 1392 947 1469 equi·

71 1466 140 1527 dem
153 1467 290 1544 sperabam
306 1510 316 1538 ‚
335 1478 367 1527 ut
386 1468 459 1544 saepe
481 1470 566 1528 etiam
586 1469 664 1545 loqui
685 1478 781 1527 tecum
800 1467 946 1540 solebam,

70 1542 111 1604 sic
125 1546 222 1604 orbem
236 1544 393 1623 reipublicae
414 1541 469 1604 esse
488 1545 678 1614 conversum,
697 1557 730 1604 ut
749 1546 796 1605 vir
823 1544 946 1607 sonitum

70 1619 167 1681 audire
187 1665 197 1692 ,
216 1623 264 1683 vix
284 1619 443 1699 impressam
464 1621 582 1681 orbitam
603 1622 698 1682 videre
723 1620 884 1699 possemus:
912 1624 945 1684 δι

72 1694 164 1758 fuisset
177 1700 232 1769 ita,
251 1699 272 1758 fi
291 1699 422 1759 homines
441 1697 584 1758 transitum
606 1697 772 1775 tempestatis
791 1700 947 1776 exspectare

71 1773 236 1852 potuissent:
256 1774 304 1835 sed
317 1775 383 1836 cbm
397 1775 445 1836 diu
457 1774 568 1835 occulte
580 1774 762 1852 suspirassent,
780 1776 873 1852 postea
883 1776 946 1854 jam
952 1781 977 1830 r.
983 1777 1093 1832 xxxvl.v

71 1868 210 1929 gemere,
229 1851 266 1912 ad
278 1863 436 1912 extremum
450 1850 518 1911 verb
532 1853 612 1929 loqui
632 1868 730 1915 omnes
745 1894 755 1923 ,
775 1856 806 1913 &
825 1852 946 1915 clamare

74 1941 229 2004 coeperunt.
247 1930 341 2005 itaque
355 1929 401 1988 ille
413 1931 519 1988 amicus
532 1929 624 1988 noster
638 1971 647 1998 ,
666 1929 783 1989 insolens
802 1930 946 2007 infamiae,

75 2003 184 2080 semper
202 2005 233 2063 in
250 2005 332 2064 laude
353 2004 495 2073 versatus,
516 2004 708 2064 circumfluens
726 2005 830 2080 gloria,
850 2005 947 2065 desor-

76 2095 169 2142 matus
192 2094 327 2157 corpore,
346 2079 446 2141 stadius
459 2081 574 2149 animo,
595 2080 653 2158 quo
666 2081 693 2140 se
706 2082 832 2140 conferat
844 2083 946 2144 nescit:

95 2153 247 2235 regressum
261 2158 458 2235 praecipitem,
484 2157 688 2217 inconstantem
706 2157 825 2217 reditum
847 2158 949 2220 videt:
981 2168 986 2177 '

115 2253 168 2294 nos
182 2234 311 2293 inimicos
324 2234 408 2294 habet
421 2278 431 2307 ,
449 2235 593 2310 improbos
605 2234 677 2311 ipsos
688 2252 748 2294 non
761 2235 875 2295 amicos.
913 2249 948 2296 ac

76 2312 143 2372 vide
156 2310 304 2370 mollitiem
317 2313 425 2371 animi:
446 2329 506 2371 non
527 2312 604 2371 tenui
622 2312 746 2371 lacrimas
761 2354 770 2381 ,
790 2310 854 2371 cum
868 2312 950 2373 illum

77 2400 144 2449 ante
158 2406 226 2446 v111,
240 2388 293 2447 kal.
308 2389 381 2448 Sext.
394 2387 452 2447 vidi
465 2387 501 2447 de
514 2387 609 2447 edidis
622 2388 710 2448 Bibuli
718 2389 949 2459 concionantem,

78 2466 129 2543 qui
141 2475 223 2524 antea
236 2463 329 2525 solitus
342 2461 409 2524 esset
417 2463 521 2541 jactare
536 2463 563 2521 se
576 2463 841 2541 magnificentissimi:
855 2466 904 2524 illo
918 2467 949 2527 in

77 2541 163 2611 loco,
182 2540 293 2609 summo
313 2558 379 2601 cum
399 2554 497 2600 amore
517 2541 636 2672 poEulh
664 2541 768 2598 cundis
787 2542 951 2603 faventibus.

76 2629 111 2676 ut
124 2617 169 2677 ille
190 2629 252 2677 tum
272 2618 406 2687 humilis,
425 2628 457 2675 ut
476 2615 553 2675 demi
575 2633 605 2674 us
625 2615 711 2674 erat?
738 2628 768 2674 ut
788 2616 843 2691 ipse
864 2619 952 2678 etiam
1028 2641 1032 2647 ·

75 2690 152 2763 fibi,
171 2712 230 2752 non
244 2695 275 2752 iis
288 2694 395 2763 solum,
415 2695 464 2770 qui
478 2693 606 2762 aderant,
620 2687 795 2767 displicebat?
815 2691 834 2751 ὂ
848 2694 952 2769 speeta-

63 2769 173 2830 ·culum
189 2770 238 2827 uni
252 2766 346 2830 Crasso
361 2770 537 2846 jucundum,
557 2771 654 2828 ceteris
674 2787 733 2828 non
752 2769 821 2827 item
840 2773 846 2825 i
868 2788 952 2842 nam,

78 2857 108 2904 ³7
117 2848 184 2926 quia
197 2845 334 2907 deciderat
354 2866 389 2907 ex
410 2848 502 2918 astris,
529 2845 638 2924 lapsus,
663 2843 764 2925 iquam
783 2842 965 2925 progressus,t
979 2860 1059 2927 porto

578 3044 582 3051 ,
903 2939 1099 3054 illisio

114 3094 151 3136 ³7·
165 3078 382 3193 ziadxidermx
396 3079 480 3140 arsitia]
511 3078 573 3142 Quia
587 3076 705 3129 smnmam
722 3075 842 3151 laudm,
858 3054 1009 3127 summie‘ffl·

79 3142 147 3193 rebus
158 3158 188 3208 ge
209 3139 373 3254 iscipuaefitam
388 3140 728 3207 improbommconiuodlione
739 3139 854 3190 amiserat.
871 3142 954 3193 homi·

79 3222 123 3256 nes
137 3221 193 3255 eum
203 3207 239 3255 mi
248 3204 363 3255 ericordla
374 3207 470 3270 potius,
485 3220 559 3269 quam
573 3206 650 3263 odio,
673 3201 891 3269 prosequebantur,
907 3220 953 3256 nec

81 3267 214 3332 potabant,
229 3267 244 3318 s
255 3281 329 3325 onte,
350 3271 376 3317 &
391 3266 492 3317 confilio
507 3265 653 3333 progressum
672 3271 765 3315 ineam
782 3267 952 3330 turpitudinem

80 3330 212 3388 devenisse,
228 3285 268 3382 {d
279 3331 345 3389 casta,
361 3336 388 3382 δι
398 3344 478 3381 errore
485 3329 578 3396 lapsum
586 3329 704 3403 decidisl'e.
722 3344 762 3404 cur
772 3335 838 3404 euim
850 3331 953 3383 cirom-

80 3393 160 3441 fluens
168 3395 257 3460 gloria,
272 3395 382 3446 universa
392 3394 483 3446 curtari
492 3392 633 3453 mammis,
648 3393 774 3449 infamiam
794 3392 837 3445 fibi
851 3393 900 3461 ipst
924 3398 954 3446 ω

81 3455 199 3516 invium
209 3456 313 3515 strueret.
328 3462 452 3533 addanae,
864 3529 876 3570 ς
902 3523 957 3571 A*

208 3560 212 3571 .
848 3536 886 3580 a·
953 3574 957 3581 .

945 3558 1081 3741 n
